1500 2886
3 247 6 251 ’
80 264 153 333 54
317 253 645 311 PRAEDtt
686 253 1067 309 Rvsrtct

73 355 169 398 Nec
185 352 265 397 nifi
282 368 377 411 quae
395 355 613 407 Domini,
635 355 710 398 sua
727 355 893 403 credit;
915 348 1066 411 iniqua
1079 349 1310 409 perhorrer

72 436 203 477 Furta
223 451 237 484 ·,
269 435 422 492 suique
443 445 576 479 tenax
591 465 607 490 ,
638 435 795 479 alienis
815 434 996 478 abstinet
1014 466 1030 487 ‚
1054 432 1174 491 aequi

73 515 147 559 Sic
173 515 340 574 rigidus
370 517 512 561 custos
529 546 543 570 ‚
573 528 624 560 ut
648 516 923 581 famofissixna
948 515 1054 573 pagi

72 596 225 655 Iurgia
253 608 494 655 componat
519 597 688 653 judex3
723 597 963 656 ignaraque
991 598 1138 655 legum
1158 628 1174 650 ‚

74 678 180 720 Non
207 676 316 721 redii
343 676 529 736 justique
551 710 564 732 ‚
597 680 712 723 secet
738 678 969 736 prudentia
993 677 1112 722 lites.

134 760 216 802 Ille
245 760 348 804 suos
380 759 615 803 hominum
639 759 1000 804 fortunatiffimus
1028 773 1158 818 agros

74 838 244 897 Diligat
264 872 278 893 ,
309 841 497 884 obscuro
526 841 694 897 pofitus
725 841 802 897 qui
828 852 927 884 rure
952 842 1140 884 colonus

74 919 270 977 Exiguus
299 920 432 974 voti,
464 932 693 978 parvoque
724 920 910 965 assuetus
930 951 942 975 ,
974 922 1127 965 edaces

74 1001 164 1042 Aut
191 1014 315 1043 curas
340 1013 414 1043 aut
440 1002 537 1058 spes
568 1001 719 1044 animo
744 1015 837 1045 non
863 993 1001 1058 pascit
1029 1002 1180 1046 inanes
1201 1018 1214 1046 ε

74 1083 181 1125 Non
203 1083 320 1125 hunc
347 1081 555 1125 sollicitat
580 1082 838 1126 dominandi
863 1084 977 1127 saeva
1001 1083 1139 1127 libido
1156 1115 1171 1136 ,

75 1165 137 1206 Ut
163 1165 283 1222 leges
309 1143 413 1208 asibi
437 1163 584 1222 cupiat
611 1164 742 1222 quam
770 1180 868 1208 rure
885 1197 898 1219 ‚
924 1165 1098 1223 filisque

75 1245 315 1290 Arboribus
341 1247 472 1297 dare;
497 1261 589 1290 non
613 1258 739 1290 amor
763 1247 1025 1305 irrequietus
1049 1245 1266 1299 habendi,

74 1327 137 1369 Ut
165 1327 335 1370 medios
364 1327 457 1370 auri
486 1328 538 1370 fit
563 1328 765 1385 egentior
788 1328 903 1372 inter
927 1342 1110 1372 acervos
1132 1361 1145 1382 ‚

73 1407 225 1465 Usque
254 1408 388 1452 novis
417 1408 590 1452 inhians
617 1407 777 1465 opibus
807 1408 896 1452 fine
925 1408 1014 1451 fine
1037 1409 1239 1465 parandis
1254 1423 1276 1458 ,;

72 1491 180 1532 Non
204 1489 391 1532 studium
414 1488 607 1546 fastuque
631 1500 805 1533 tumens
829 1488 1028 1532 doeh-ina
1053 1489 1241 1545 superbo
1263 1521 1277 1542 ,

72 1572 136 1613 Ut
165 1569 271 1627 quid
297 1570 405 1614 scire
429 1570 541 1613 velit
570 1568 700 1627 quam
727 1569 843 1613 reste
868 1569 1024 1613 vivere
1045 1598 1058 1623 ‚
1085 1570 1230 1627 pastos

73 1650 222 1707 Quam
248 1665 400 1695 curare
423 1652 563 1693 boves
583 1683 596 1704 ‚
623 1649 756 1708 quam
781 1649 903 1693 noffe
925 1649 1122 1695 faventia
1147 1650 1275 1695 terris

74 1734 254 1783 Sidera,
280 1745 520 1776 ventorum
544 1742 692 1775 mores
712 1764 725 1784 ,
759 1733 803 1774 &
829 1744 1031 1788 tempora
1055 1732 1214 1777 messis.

133 1817 217 1859 Ille
247 1829 328 1858 nec
353 1813 532 1857 invidiae
562 1825 682 1870 patet
700 1845 713 1866 ,
742 1826 818 1856 aut
841 1812 988 1857 livore
1012 1810 1200 1857 viciffim

74 1895 283 1951 Carpitur
309 1897 520 1944 occult03
551 1908 632 1938 nec
656 1893 743 1949 jam
769 1893 1057 1951 popularibus
1086 1894 1202 1938 auris

72 1976 322 2027 Evehitur3
352 1977 525 2019 summo
552 1989 632 2018 nec
658 1975 881 2018 honorum
906 1971 1097 2017 cadmiae
1125 1975 1270 2031 lapsus
1283 1983 1308 2029 1,

73 2057 346 2100 Monstratur
372 2057 538 2115 fragilis
567 2058 879 2100 documentum
903 2054 1023 2098 triste
1047 2054 1231 2100 favoris.

73 2138 183 2181 Non
209 2138 370 2181 metuit
393 2137 493 2181 lites
521 2137 671 2180 dubias
691 2169 704 2189 ,
733 2137 957 2193 sortesque
982 2135 1126 2179 severi

71 2217 243 2263 Iudicis
263 2251 276 2271 ‚
306 2218 544 2262 indomitas
574 2217 730 2261 animae
758 2229 852 2260 non
874 2215 1065 2260 vindicis
1093 2216 1179 2260 iras
1196 2232 1213 2260 t

73 2301 182 2344 Non
201 2298 312 2342 alios
332 2331 347 2352 ‚
372 2313 466 2342 non
483 2299 528 2343 se
547 2299 675 2342 timet
693 2298 835 2355 ipsum
854 2314 867 2341 t
888 2312 980 2342 non
998 2299 1071 2341 sua
1090 2311 1260 2341 moeror
1281 2328 1286 2334 ,

76 2380 249 2425 Gaudia
267 2411 281 2433 ,
310 2395 403 2424 non
429 2382 582 2437 epulas
611 2380 773 2425 fastidia
799 2382 917 2423 lenta
944 2381 1200 2437 sequuntur.

136 2461 336 2520 Agrestes
366 2475 524 2520 operas
553 2462 649 2506 obit
675 2460 938 2512 indefefl‘us3
967 2461 1193 2518 humoque
