1482 2834
121 219 236 298 368
320 222 667 279 PRAEDII
710 219 1106 280 Ros'tlct

119 325 174 368 In
197 324 419 380 squamam
446 335 551 382 toga
576 323 821 379 panniculis
849 310 1031 367 consuta
1059 318 1231 382 rigescit
1243 334 1265 372 3>

120 404 177 447 Et
200 418 340 461 prope
368 403 507 461 qualis
532 417 654 462 erat,
683 403 815 461 spinae
842 417 989 447 manet
1014 404 1130 448 arida
1153 412 1324 454 crates;

121 485 345 542 Barbaque
373 487 534 542 pendet
557 486 694 529 adhuc
719 497 870 529 mento
898 498 1103 529 concreta
1130 483 1275 528 senili.
1329 507 1332 510 ⁴

123 565 386 609 Exciderant
413 567 564 610 dentes
590 582 602 610 ε
630 563 809 624 gingiva
834 565 1036 609 remansit
1061 563 1242 608 inermis
1258 580 1272 608 ε

126 646 296 690 Omnia
319 661 417 705 quae
440 644 625 704 priscam
650 648 841 691 referunt
870 645 919 690 in
945 646 1063 703 pisce
1089 643 1332 695 senestam3

123 728 309 784 Ipsaque
333 741 529 771 maturos
553 728 640 772 aevi
666 727 922 786 provectior
948 738 1053 770 aetas

125 808 346 852 Nobilitat
369 810 526 852 barbos
552 823 567 857 ⁶,
595 809 637 852 &
668 807 793 866 queis
817 807 1020 851 mortalia
1046 805 1199 863 paffim

126 890 296 932 Caetera
320 890 558 945 depereunt
574 923 586 943 ‚
612 888 691 932 fibi
718 890 812 932 laus
838 888 1006 932 accedit
1029 889 1081 931 ab
1110 888 1255 932 annis.

186 969 461 1014 Praebueram
485 969 614 1014 vanis
639 969 766 1027 pueri
792 968 1066 1012 sermonibus
1091 980 1216 1012 aures
1238 1000 1254 1020 ,

125 1050 303 1108 Incipio
331 1051 456 1108 queis
480 1065 616 1107 pauca
640 1050 800 1106 super-3
820 1049 1048 1105 variasque
1073 1049 1247 1092 secutus

127 1132 401 1177 Piscatorum
424 1143 538 1174 artes
552 1165 565 1183 ‚
592 1132 636 1175 &
659 1129 794 1173 tristia
818 1131 903 1173 fata
928 1139 1184 1185 natantum3

129 1214 238 1257 Sors
263 1213 416 1256 eadem
432 1245 445 1265 ‚
471 1210 594 1264 dixi,
619 1224 706 1254 vos
726 1210 755 1254 ὃ
776 1209 1001 1254 1είὶίίῖὶηιει
1026 1211 1150 1253 turba
1167 1239 1183 1260 ,

129 1293 387 1349 Infidiaeque
411 1301 591 1334 manent
616 1290 776 1333 fim'iles
802 1306 812 1333 :
841 1303 943 1332 nam
967 1290 1157 1346 piscibus
1185 1289 1287 1335 unis

130 1374 371 1417 Extuderat
397 1386 509 1429 quos
536 1369 678 1427 prisca
702 1371 830 1413 dolos
854 1369 1059 1412 industria
1077 1403 1089 1424 ‚
1115 1368 1244 1427 pejor

130 1454 348 1501 Fallendis
375 1453 551 1497 adhibet
575 1449 662 1504 jam
690 1465 807 1494 nunc
831 1449 1088 1494 mortalibus
1111 1464 1249 1500 aetas;

132 1537 309 1593 Virque
332 1534 485 1578 virum
509 1531 628 1588 capit
643 1564 656 1583 ‚
683 1529 809 1574 infidi
834 1532 908 1574 vel
934 1531 1128 1574 muneris
1148 1533 1305 1576 hamos

134 1616 367 1671 objiciens
394 1613 536 1657 avidis
562 1610 750 1654 nimium
766 1643 780 1664 ,
804 1612 880 1655 vel
906 1596 1226 1655 tetia'stendehs

134 1676 399 1754 Iudeprensa
422 1707 576 1752 parum
602 1693 739 1735 cautis
757 1725 770 1746 ‚
797 1703 872 1735 aut
895 1691 1059 1749 oppida
1083 1692 1270 1738 miscens
1290 1701 1308 1749 ‚'

137 1776 401 1823 Turbidiora
426 1774 513 1817 suis
539 1773 707 1830 profint
729 1783 779 1815 ut
803 1785 1004 1829 tempora
1027 1774 1173 1819 rebus,

198 1859 294 1902 Hac
318 1867 445 1898 aetate
470 1852 586 1909 capit
605 1865 693 1895 vos
720 1851 925 1896 infidiosa
949 1856 1158 1910 voluptas
1175 1887 1188 1906 ,

139 1940 279 1985 Melle
301 1937 446 1980 linens
471 1935 547 1977 sua
571 1935 686 1976 dona
701 1966 713 1986 ‚
736 1933 860 1991 gravi
879 1949 975 1990 quae
995 1934 1132 1978 tristia
1151 1937 1371 1992 quondam

139 2019 323 2066 Peaora
348 2017 615 2074 torquebunt
641 2015 781 2059 sensu.
808 2015 990 2059 Vidistis
1015 2029 1065 2059 ut
1090 2017 1231 2060 escam

139 2099 421 2155 Deliciasque
443 2098 600 2140 breves
625 2096 721 2140 vita
749 2110 963 2141 mercatus
990 2099 1189 2154 adempta
1207 2131 1222 2151 ,

141 2180 316 2227 Interiit
339 2178 469 2235 piscis
487 2207 500 2227 ‚
524 2176 640 2220 dulci
667 2179 780 2220 male
806 2179 1004 2221 credulus
1029 2179 1190 2224 hamo:

110 2271 114 2277 '
143 2264 251 2306 Non
276 2259 401 2303 aliter
423 2259 617 2302 fraudem
638 2258 806 2301 blandis
834 2259 1012 2302 inimica
1035 2263 1243 2317 voluptas

145 2340 325 2388 Occulit
347 2338 564 2384 illecebris
584 2353 600 2389 ·‚
626 2337 781 2396 quibus
805 2338 1051 2393 inconsulta
1070 2340 1279 2396 iuventus
1325 2327 1334 2337 ¹

1321 2417 1369 2462 si
