1500 2886
441 230 492 293 E
533 231 576 291 P
616 235 641 292 Ῑ
684 231 720 292 S
761 229 816 291 T
858 227 916 291 Ο
955 229 996 289 I.
1042 225 1116 290 Ᾰῖ
1330 229 1338 236 ’
1365 225 1407 291 ⁵4.

146 352 338 413 librum
376 354 744 438 destinaveram
764 399 785 426 ,
822 371 880 411 ut
913 352 1109 436 rusticis
1144 346 1400 409 conviviis

148 478 239 513 eas
273 477 471 532 quoque
504 456 742 513 adderem
776 455 958 531 epulas
994 473 1104 508 non
1129 449 1407 528 pecunidj

151 579 263 614 non
285 576 570 615 venantum
587 556 781 632 sudore
792 572 980 632 partas
1002 552 1146 629 :sfid
1161 548 1402 608 intellexi

141 660 346 735 placere
384 658 479 713 tibi
516 673 576 714 ut
606 656 906 713 venationis
937 653 1201 731 voluptati
1237 651 1406 730 magis

150 758 464 834 indulgerem
482 800 503 828 ,
538 778 700 832 neque
725 757 944 833 leporem
965 775 1131 834 unum
1151 796 1169 826 ‚
1186 751 1405 832 sedstl-

149 853 354 941 vcstrem
375 843 579 933 quoque*
602 877 839 934 capream
858 898 881 927 ,
904 876 1089 933 aprum
1103 898 1126 925 ,
1150 853 1407 926 damam,‚'

148 958 379 1036 aliasque
394 956 588 1033 ficlvas
621 955 720 1039 (ut
751 954 982 1038 vocant)
999 954 1148 1031 feras
1180 976 1291 1012 meo
1323 945 1402 1013 νὶ-

148 1060 295 1116 vario
329 1060 659 1117 includerem.
706 1059 874 1134 Cujus
909 1058 1199 1138 argumenti
1237 1075 1405 1114 amoe-

148 1162 366 1217 nitatem
409 1183 465 1217 eo
503 1158 751 1218 libentius
774 1160 975 1238 sequar
1003 1204 1022 1233 ,
1061 1159 1207 1236 quod
1247 1181 1325 1216 me
1367 1180 1403 1217 a

138 1259 407 1342 proposito
447 1282 558 1318 non
592 1257 894 1343 recefficrum
916 1280 1053 1343 puto
1074 1303 1095 1331 ,
1115 1259 1178 1342 Ji
1206 1260 1407 1319 tradita¹

148 1362 311 1418 totius
344 1361 694 1439 Agriculturae
730 1379 837 1419 arte
859 1405 878 1435 ,
907 1363 969 1419 id
999 1362 1203 1420 demum
1235 1385 1405 1439 appo·-

133 1462 292 1539 suero
344 1463 490 1538 quod
537 1483 845 1541 magnopere
880 1464 1088 1544 invitet
1123 1507 1145 1535 ,
1202 1466 1405 1541 rurique

147 1561 306 1640 quam
340 1563 616 1644 diutiffi'me
655 1581 827 1620 teneat
861 1564 1103 1621 dominos
1125 1608 1142 1636 ‚
1185 1587 1401 1646 quorum

138 1664 414 1742 prasentia
451 1666 510 1722 in
543 1667 780 1743 operibus
820 1666 1015 1748 rusticis
1046 1664 1252 1723 tantum
1282 1670 1404 1744 pol-

147 1767 218 1822 let
235 1809 257 1836 ,
291 1783 352 1821 ut
386 1767 537 1823 nullo
573 1785 706 1824 terra
739 1767 998 1824 laetamine
1021 1768 1276 1844 pinguior
1293 1770 1404 1844 fiat

146 1862 305 1941 quam
325 1865 390 1948 st
404 1865 764 1943 frequentibus
797 1868 1000 1925 domini
1031 1867 1253 1955 vestigiis
1276 1892 1403 1946 pro-2

137 1968 390 2026 calcetur.
1278 2028 1282 2030 ,

227 2068 412 2126 Habes
431 2112 454 2139 ,
483 2069 588 2128 Vir
623 2070 965 2131 Illustriffime
986 2116 1005 2146 ,
1029 2063 1210 2152 seriem
1242 2074 1404 2133 totius

147 2170 312 2247 operis
332 2212 350 2241 ‚
385 2172 530 2245 quod
555 2171 898 2248 confidentius
927 2173 1214 2250 exsequar,
1226 2175 1290 2256 fi
1310 2195 1401 2233 tuo

107 2287 139 2312 '¹
132 2268 348 2344 judicio
371 2274 755 2348 comprobatum
775 2275 1085 2351 intelligam.
1111 2277 1170 2332 Is
1191 2278 1328 2334 enim
1349 2300 1402 2335 es

146 2392 297 2446 quem
328 2372 518 2429 artium
553 2374 791 2431 omnium
829 2396 891 2431 ac
912 2375 1251 2452 scientiarum
1289 2399 1401 2454 non

139 2490 429 2551 patronum
466 2473 620 2534 modo
643 2517 662 2549 ,
685 2474 788 2555 fid
828 2471 881 2535 δ’
920 2477 1062 2554 magi
1105 2498 1217 2537 rum
1252 2498 1402 2548 vene:

1039 2597 1071 2636 a
1109 2575 1163 2654 iij
