1482 2834
98 211 214 271 242
333 198 668 255 PRAEDII
711 197 1091 258 Rvsrtcl

95 301 225 344 Ferre
246 298 390 356 potest
410 329 423 352 ,
450 298 716 358 niviumque
739 299 854 359 riget
876 300 953 343 sub
972 299 1168 357 pondere
1187 302 1338 350 tellusg

93 379 153 422 At
179 393 320 436 neque
349 379 557 426 Phoebaeo
584 397 682 440 quae
708 382 881 439 semper
906 379 1104 425 aduritur
1127 379 1233 439 igne

93 459 274 504 Barbara
301 476 408 520 gens
426 496 440 518 ,
466 478 590 508 curas
618 463 723 508 uvis
752 463 976 521 impendat
1002 461 1158 506 inanes
1178 492 1194 516 ‚

92 541 187 584 Nec
204 542 419 587 Bacchum
439 543 637 589 steriles
624 544 821 589 invitum
841 542 1059 589 accersat*
1046 557 1094 587 in
1114 556 1263 602 agros,

134 623 256 666 Inter
265 636 495 682 utramque
506 627 695 685 plagam,
697 624 955 684 Scythicum
969 622 1054 682 qua
1065 625 1253 668 mundus
1263 625 1315 670 ad
1323 639 1482 677 axem,

98 701 368 762 Consurgit,
394 705 556 749 melior
579 704 693 760 jacet
718 705 839 749 arcto
866 704 1010 748 limite
1036 706 1170 749 tellus

93 782 347 842 Frigoribus
366 799 448 830 nec
466 786 615 840 foeda,
643 786 712 830 fiti
731 799 813 830 nec
831 786 979 830 hiulca
998 785 1184 843 perenni
1204 817 1219 840 ,

96 865 181 909 Sed
199 866 351 910 Boreae
372 867 553 912 alternis
577 866 753 911 vicibus
775 865 1060 925 Zephyrique
1081 866 1275 924 tepentis

93 945 148 988 Et
173 946 326 1002 pluvia
342 979 355 1000 ‚
390 948 434 991 &
460 947 552 991 leni
577 948 755 992 mollita
780 948 1010 992 salubriter
1033 947 1138 992 aestu
1158 963 1172 992 t

94 1024 184 1069 Hic
199 1027 370 1072 Baccho
388 1030 514 1072 locus
531 1061 544 1081 ‚
563 1029 633 1072 his
649 1030 769 1072 ultro
786 1028 1136 1085 bonusjmperat
1152 1028 1303 1084 arvis,'

88 1107 182 1150 Nec
208 1107 332 1166 regni
355 1108 540 1152 ulterius
567 1121 688 1154 curat
714 1109 979 1167 protendere
1004 1108 1134 1155 fines.

149 1189 257 1233 Non
282 1187 535 1242 interjectas
561 1205 653 1234 uno
680 1202 828 1234 tamen
853 1189 1009 1234 ordine
1036 1201 1192 1248 gentes

88 1269 281 1314 Bacchus
296 1271 425 1314 habet
444 1287 455 1315 ε
476 1270 581 1315 belli
595 1271 746 1316 studiis
759 1269 995 1323 &clarissima
1014 1272 1272 1328 quondam,⁴

55 1380 59 1385 -
90 1351 237 1395 Marte
256 1365 469 1408 meroque
488 1366 639 1409 parem
664 1352 770 1396 fecit
795 1352 872 1395 fibi
893 1350 1074 1396 Graec‘ia·
1090 1352 1290 1407 famam„

90 1415 320 1478 Romanos
340 1447 486 1478 rerum
505 1433 714 1478 dominos
734 1434 858 1477 Deus
875 1431 976 1476 inde
996 1432 1204 1490 sequutus
1221 1467 1236 1489 ‚

93 1514 215 1559 Vina
238 1515 418 1558 Falerna
444 1513 592 1559 dedit:
615 1512 737 1570 lapsa
760 1524 855 1557 tum
880 1513 999 1556 mole
1023 1514 1224 1570 potentis

90 1595 302 1652 Imperii,
335 1594 476 1643 musto
501 1593 722 1639 sordentia
745 1592 929 1651 plaustra
955 1607 1034 1651 per
1058 1595 1194 1652 Alpes

90 1675 192 1733 Egit
208 1708 222 1728 ,
254 1676 298 1719 δε
326 1676 491 1734 optatis
522 1676 760 1720 Gallorum
784 1673 980 1719 constitit
1005 1675 1130 1731 orie,

90 1758 356 1815 Despiciens
382 1757 577 1814 populos
600 1758 751 1801 Boreae
776 1758 828 1801 de
856 1770 980 1814 parte
1005 1767 1240 1808 vocantes.'

90 1839 267 1885 Scilicet
290 1838 471 1882 invictis
499 1853 597 1895 quae
626 1848 734 1896 gens
760 1837 956 1882 effloruit
981 1838 1115 1883 armis
1217 1845 1220 1849 ’

88 1921 200 1966 Visa
219 1923 390 1978 placere
409 1921 513 1963 Deo
531 1918 607 1963 est.
628 1919 820 1962 Tantum
839 1933 894 1963 ne
918 1919 1066 1965 Gallia
1085 1932 1248 1966 munus

91 2003 257 2060 Sperne
282 2018 292 2044 :
318 2004 425 2045 latet
450 1998 577 2043 caecis
602 1999 771 2056 argenti
796 2000 926 2056 copia
950 2001 1080 2046 venis
1100 2034 1114 2055 ,

89 2084 293 2141 AErisque
311 2115 324 2135 ,
351 2081 631 2138 chalybisque
650 2082 787 2123 latent
807 2113 820 2134 ‚
846 2082 1026 2139 aurique
1045 2084 1221 2128 metalla
1239 2098 1254 2128 t

87 2164 260 2210 Parcite
275 2166 348 2207 sed
362 2164 533 2206 Baccho
549 2163 647 2204 loca
662 2163 896 2205 commoda
913 2195 925 2215 ,
953 2163 1118 2219 parcite
1135 2164 1288 2218 ‚cives
1306 2173 1324 2220 ‚‘

89 2246 324 2289 Destruere
340 2278 355 2299 ,
381 2245 424 2288 &
449 2243 585 2287 tectas
602 2274 615 2295 ‚
647 2241 920 2285 irritamenta
947 2245 1166 2289 malorum
1185 2277 1199 2299 ,

89 2325 288 2370 Divitias
314 2327 433 2369 ferro
458 2326 535 2368 sub
564 2323 726 2366 eisdem
753 2337 947 2380 quaerere
971 2325 1102 2369 terris
1121 2358 1138 2381 ‚

86 2406 228 2468 ¹Qut-‚is
254 2420 362 2453 auro
388 2404 548 2469 melior
566 2435 583 2459 ,
604 2403 712 2448 vitae
737 2402 934 2454 solamen
957 2419 1112 2451 amarae
1133 2437 1151 2461 2
