1500 2834
0 233 1 239 ἵ
59 254 61 257 ’
122 268 233 327 132
335 253 1113 311 PRAEDIIRUSTICI

115 351 235 395 Fune
262 351 400 410 ligant
427 368 442 403 3
470 352 681 411 rimaeque
706 355 831 399 ferax
856 355 1114 399 immittitur
1140 356 1226 398 alte

101 431 365 497 'Surculuss
401 433 444 476 &
474 435 637 478 brumae
668 421 833 480 nimios
862 436 1105 480 immobilis
1135 436 1297 479 imbres

113 510 179 553 Ut
204 513 368 557 toleret
391 516 638 573 ventosque
654 548 667 571 ‚
694 520 791 560 luto
820 517 1107 575 componitur
1138 530 1226 560 una

52 597 58 602 “
111 588 295 636 Μιίίωε
313 626 327 646 ,
358 595 401 637 &
425 594 603 640 intortis
631 597 994 656 religaturfascia
1020 596 1202 641 vinclis.

110 671 309 717 Inclusos
336 674 473 719 viridi
498 691 598 721 mos
627 677 688 720 est
715 667 947 735 astringere
972 691 1119 721 ramos

111 752 297 798 Vimine
321 771 334 798 ι
363 770 446 799 nos
469 756 625 811 juncos
653 759 697 801 &
722 759 876 802 mollia
899 758 1046 802 vincla
1074 759 1342 814 probamus;

111 834 248 892 Angit
272 836 391 880 enim
411 839 604 894 plantam
622 871 635 892 ,
657 853 792 897 quum
813 838 967 882 vimen
985 838 1148 882 inaruit
1166 838 1284 882 aestu.

170 917 352 960 Vertice
372 930 582 974 praeterea
601 921 714 962 caeso
733 952 746 972 ,
766 935 901 977 quum
920 919 1135 976 plurimus
1152 921 1314 962 humor

110 997 232 1040 Vere
248 997 385 1041 subest
399 1031 412 1052 ‚
433 998 536 1041 hinc
556 999 657 1043 inde
676 1000 883 1057 frequens
901 1001 978 1043 sub
996 1001 1160 1045 cortice
1180 1015 1325 1043 ramus

109 1078 320 1127 Inseritur
338 1095 352 1129 3
372 1091 662 1137 truncumque
688 1082 809 1124 nov&
829 1082 947 1139 quast
967 1084 1094 1138 prole
1112 1094 1313 1126 coronat.

170 1158 326 1202 Fistula
355 1162 430 1203 vel
460 1160 592 1205 salvis
617 1162 815 1204 educitur
840 1162 1010 1220 integra
1037 1160 1253 1220 gemmis3

109 1240 293 1283 Arboris
322 1241 501 1284 alterius
527 1243 737 1285 nudatum
765 1243 937 1300 cortice·
962 1257 1135 1285 ramum

108 1322 174 1364 Ut
201 1333 319 1380 tegat
338 1355 352 1376 ,
376 1322 573 1380 ingratos
601 1324 879 1367 emendatura
909 1325 1104 1380 sapores,

168 1403 281 1456 Quae
307 1402 477 1446 Pariam
494 1403 669 1447 decorat
694 1404 842 1459 pomis
869 1405 913 1447 &
938 1389 1126 1448 floribus
1154 1420 1315 1451 urnam

108 1483 256 1527 Citrus
274 1516 287 1537 ‚
318 1485 371 1527 ad
395 1484 579 1542 agrestes
605 1497 786 1529 truncos
815 1487 954 1529 delata
971 1519 984 1539 ‚
1011 1487 1200 1530 feracem

106 1565 322 1621 Hospitio
352 1580 521 1609 ramum
555 1566 612 1609 fic
627 1565 780 1624 -iungit
798 1599 811 1620 ‚
840 1580 891 1610 ut
920 1567 996 1610 ille
1021 1558 1193 1624 parenti

106 1647 282 1690 Haereat
299 1678 311 1699 ‚
329 1647 372 1689 δε
389 1642 611 1703 duplicem
627 1646 802 1706 gemin&
821 1648 963 1690 trahat
978 1649 1130 1692 arbore
1147 1649 1344 1707 succum.

106 1726 282 1771 Deinde
310 1741 437 1771 novo
462 1741 597 1785 quum
623 1725 712 1781 jam
741 1727 866 1771 vi&u
893 1728 1175 1771 consueverit
1202 1729 1268 1772 uti
1285 1731 1304 1780 ·,'

106 1808 302 1853 Tollitur
329 1809 506 1853 avulsus
534 1808 686 1851 matris
711 1810 836 1852 velut
865 1810 996 1852 ubere
1028 1823 1194 1852 ramus.
1255 1841 1257 1843 -

167 1890 379 1933 Infitione
405 1887 516 1931 nihil
541 1887 654 1931 ruris
682 1889 851 1931 cultura
867 1921 880 1941 ‚
907 1891 981 1932 vel
1010 1888 1091 1931 usu

106 1969 298 2014 Uberius
319 2002 332 2022 ,
357 1969 459 2013 visu
482 1970 558 2011 vel
587 1967 813 2024 pulchrius
843 1969 1017 2012 extudit
1043 1985 1054 2013 :
1088 1968 1164 2012 illa

107 2051 288 2095 Scilicet
318 2063 409 2093 arte
438 2050 557 2093 feros
590 2059 756 2105 cogunt
787 2049 1082 2091 mansuescere
1111 2049 1313 2100 fructum

104 2130 351 2176 Nobilitata
377 2129 512 2173 novis
542 2129 605 2172 ita
629 2127 858 2172 frondibus
884 2131 1013 2172 arhor
1037 2129 1203 2186 ubique

105 2212 322 2257 Provenit
351 2227 363 2254 :
394 2213 438 2254 δε
466 2206 669 2264 cerasos,
702 2225 782 2254 nec
813 2224 905 2252 non
937 2211 1171 2267 gaudentia
1200 2210 1312 2253 fic'co

106 2293 275 2340 Perfica
305 2293 418 2334 mala
446 2292 544 2335 solo
575 2291 760 2349 pingues
787 2289 955 2346 uligine
985 2289 1129 2345 campi

107 2372 392 2421 Parturiunt3
417 2372 548 2415 cerasi
575 2385 744 2414 ramum
770 2370 803 2412 fi
831 2382 1010 2412 truncus
1037 2371 1221 2425 adoptat

107 2451 352 2504 Humentis.
376 2451 550 2514 patiens
580 2463 706 2497 terrae
738 2468 750 2497 :
781 2449 838 2495 fic
866 2449 1036 2512 hispida
1062 2463 1234 2512 ponens
