1482 2834
492 191 797 256 ‘Lmen
852 193 979 256 XI.
1067 216 1077 248 ι
1234 206 1355 279 ²73

112 290 289 339 'Aonios
311 293 460 341 fontes
477 330 491 352 ‚
515 313 708 358 quorum
730 301 835 346 vice
861 313 1036 345 currere
1059 297 1174 354 iussit

113 374 317 432 Ingratos
343 377 433 422 fine
460 379 511 422 vi
534 381 687 425 latices
716 397 732 431 ·,
757 397 855 440 quae
880 382 1041 440 pocula
1064 379 1193 424 terris

113 455 370 501 Barbariora
398 459 486 504 suis
512 461 718 505 Ameriea
745 462 963 515 remittit,
994 463 1219 518 ademptas

114 536 321 582 Occultis
337 573 351 594 ‚
374 541 422 584 ni
446 542 576 586 fallor
591 575 605 596 ,
634 556 744 599 opes
767 544 914 586 ultura
938 541 1144 585 venenis.

178 619 331 673 Quum
356 622 522 665 dederit
545 621 707 666 fluidos
733 625 854 667 ultro
879 622 1107 667 vindemia
1131 622 1315 672 succos}

114 697 282 751 Iniecta
306 715 363 744 ne
389 703 536 746 rursus
566 703 677 760 aqua
703 716 878 761 turgere
901 692 1090 747 racem}

116 781 364 825 Polli-culos
387 781 537 836 jubeas
564 799 577 827 ι
602 785 775 826 lucrum
802 797 897 846 uon
924 783 1090 827 artibus
1115 783 1204 827 illis

120 861 300 904 Grande
319 876 444 918 paras
461 878 476 912 ·‚
496 865 610 906 male
625 877 758 920 potus
774 865 871 908 obit
893 867 1006 908 male
1021 865 1172 908 munia
1189 865 1360 914 servus.‘

118 938 350 998 Antiquos¹
370 943 544 987 imitare
569 946 728 989 modos
743 976 759 999 ‚
783 947 999 1004 preloque
1022 948 1270 989 madentem

119 1021 264 1065 Subde
290 1038 566 1068 racemorum
591 1027 731 1070 fecem
759 1043 772 1070 e
802 1042 900 1084 quae
923 1028 1034 1071 vina
1057 1027 1315 1083 supersunt,

117 1102 268 1146 Crafl‘a
294 1105 472 1161 quidem
488 1137 502 1159 ‚
528 1108 640 1150 duro
663 1107 738 1150 sed
762 1122 856 1150 non
881 1108 1051 1166 ingrata
1074 1111 1240 1151 colono

120 1184 360 1242 Purpureis
385 1186 510 1230 ibunt
536 1201 614 1243 per
639 1188 875 1231 torcularia
901 1188 1028 1233 rivis.

182 1269 290 1309 Non
318 1268 502 1326 longum
526 1268 623 1324 post
647 1281 822 1324 tempus
851 1268 925 1311 ubi
951 1268 1104 1312 diffusa
1126 1269 1331 1315 laceffeut

120 1347 268 1392 Musta
291 1351 421 1392 cados
440 1364 454 1397 ς
474 1349 647 1392 levibus
666 1349 801 1407 stupis
814 1383 826 1402 ‚
846 1351 890 1393 &
909 1351 1061 1414 subere
1081 1352 1301 1395 summum

124 1429 348 1487 Osoperi
364 1463 377 1483 ,
407 1430 439 1472 fi
463 1430 612 1474 vincla
636 1442 789 1474 tenent
817 1431 1046 1475 fortiffima
1071 1434 1316 1485 Bacchum

121 1509 177 1554 In
203 1523 359 1553 tenues
386 1510 534 1553 levior
562 1524 618 1553 ne
644 1510 824 1567 spiritus
850 1514 1001 1556 avolet
1029 1527 1181 1567 auras,

123 1593 437 1648 Depereatque
465 1606 591 1634 mero
616 1592 763 1636 robur.
791 1593 942 1647 Quum
966 1593 1072 1637 vina
1099 1595 1305 1651 quierunt

126 1675 228 1730 (Ne
255 1672 443 1728 spatium
469 1673 520 1715 fit
548 1674 676 1717 inane
701 1674 852 1731 cadis)
877 1675 1078 1733 supplere
1104 1690 1326 1736 recentem

101 1772 105 1774 ’
125 1755 233 1797 Non
250 1754 410 1809 pudeat
424 1754 652 1811 lympham
664 1770 677 1803 ·,
690 1755 873 1799 fundum
890 1771 986 1813 quae
1002 1758 1143 1800 trudat
1157 1759 1209 1801 ad
1223 1758 1366 1803 imum

129 1833 332 1891 Quiquid
356 1833 466 1877 inest
489 1834 597 1878 fecis
611 1868 625 1888 ‚
649 1835 894 1893 nimiosque
913 1850 1171 1894 attemperet
1193 1839 1336 1884 aestus.

190 1917 343 1958 Robur
369 1916 413 1958 δι
435 1916 699 1959 ambrofium
724 1917 842 1961 dabit
866 1930 967 1962 aetas
994 1934 1079 1962 una
1104 1920 1304 1976 saporem
1321 1936 1336 1965 z

129 1997 196 2040 Ac
221 1995 364 2038 veluti
391 2009 528 2051 puer,
561 1995 610 2039 in
634 1996 790 2053 primis
818 1999 937 2055 quasi
963 1999 1149 2043 musteus
1178 2001 1307 2044 annis

40 2081 43 2085 '
132 2078 209 2120 Nil
238 2076 349 2133 sapit
377 2091 392 2126 ·,
417 2089 461 2119 at
484 2090 618 2121 veros
641 2078 730 2121 aevi
755 2092 949 2122 maturus
975 2081 1168 2124 honores

137 2156 437 2214 Consequitur
452 2190 466 2211 ,
491 2159 652 2201 calidus
677 2158 905 2216 postquam
931 2160 1143 2203 deferbuit
1164 2163 1321 2208 ardor:

133 2237 207 2281 Sic
234 2238 313 2280 nisi
339 2238 539 2283 defien-int
562 2240 747 2293 bullire,
774 2242 847 2283 vel
873 2241 1023 2297 aspera
1046 2255 1224 2297 promes

134 2319 258 2368 Vina
281 2320 398 2363 cadis
415 2352 430 2372 ,
455 2319 630 2364 dulcive
657 2334 756 2364 rues
783 2321 1020 2377 praecordia
1049 2323 1209 2368 mulso.

152 2440 159 2449 .
196 2401 422 2446 Hausurus
444 2402 606 2448 rubeos
630 2401 810 2457 latices,
831 2400 908 2446 ubi
931 2400 1049 2447 dolia
1072 2401 1191 2445 ferro

1098 2481 1129 2527 S
