<?xml version="1.0" encoding="UTF-8"?>
<!DOCTYPE html PUBLIC "-//W3C//DTD XHTML 1.0 Transitional//EN"
    "http://www.w3.org/TR/xhtml1/DTD/xhtml1-transitional.dtd">
<html xmlns="http://www.w3.org/1999/xhtml" xml:lang="en" lang="en">
 <head>
  <title>
</title>
<meta http-equiv="Content-Type" content="text/html;charset=utf-8" />
  <meta name='ocr-system' content='tesseract 3.04.00' />
  <meta name='ocr-capabilities' content='ocr_page ocr_carea ocr_par ocr_line ocrx_word'/>
</head>
<body>
  <div class='ocr_page' id='page_1' title='image "./praediumrusticum00vaniuoft_0061.png"; bbox 0 0 1500 2886; ppageno 0'>
   <div class='ocr_carea' id='block_1_1' title="bbox 163 237 1408 2664">
    <p class='ocr_par' dir='ltr' id='par_1_1' title="bbox 591 237 1398 315">
     <span class='ocr_line' id='line_1_1' title="bbox 591 237 1398 315; baseline 0.007 -20"><span class='ocrx_word' id='word_1_1' title='bbox 591 237 638 295; x_wconf 91' lang='lat' dir='ltr'><em>L</em></span> <span class='ocrx_word' id='word_1_2' title='bbox 653 252 687 296; x_wconf 88' lang='lat'><em>1</em></span> <span class='ocrx_word' id='word_1_3' title='bbox 703 252 805 297; x_wconf 69' lang='grc' dir='ltr'>ωε</span> <span class='ocrx_word' id='word_1_4' title='bbox 824 255 867 298; x_wconf 74' lang='lat' dir='ltr'>n</span> <span class='ocrx_word' id='word_1_5' title='bbox 928 239 982 300; x_wconf 89' lang='lat'>1.</span> <span class='ocrx_word' id='word_1_6' title='bbox 1009 251 1021 263; x_wconf 75' lang='lat'>·‘</span> <span class='ocrx_word' id='word_1_7' title='bbox 1324 253 1398 315; x_wconf 84' lang='lat'>37</span> 
     </span>
    </p>

    <p class='ocr_par' dir='ltr' id='par_1_2' title="bbox 163 338 1313 721">
     <span class='ocr_line' id='line_1_2' title="bbox 163 338 1193 394; baseline 0.002 -11"><span class='ocrx_word' id='word_1_8' title='bbox 163 338 297 383; x_wconf 83' lang='lat' dir='ltr'>Miris</span> <span class='ocrx_word' id='word_1_9' title='bbox 321 350 437 384; x_wconf 86' lang='lat' dir='ltr'>torta</span> <span class='ocrx_word' id='word_1_10' title='bbox 461 339 606 384; x_wconf 84' lang='lat' dir='ltr'>modis</span> <span class='ocrx_word' id='word_1_11' title='bbox 623 373 638 394; x_wconf 84' lang='lat'>,</span> <span class='ocrx_word' id='word_1_12' title='bbox 663 353 769 386; x_wconf 88' lang='lat' dir='ltr'>tunc</span> <span class='ocrx_word' id='word_1_13' title='bbox 793 340 887 386; x_wconf 86' lang='lat' dir='ltr'>ibat</span> <span class='ocrx_word' id='word_1_14' title='bbox 910 355 988 386; x_wconf 88' lang='lat' dir='ltr'>ore</span> <span class='ocrx_word' id='word_1_15' title='bbox 1009 342 1193 387; x_wconf 80' lang='lat' dir='ltr'>leonum</span> 
     </span>
     <span class='ocr_line' id='line_1_3' title="bbox 165 419 1305 479; baseline 0.001 -16"><span class='ocrx_word' id='word_1_16' title='bbox 165 419 497 479; x_wconf 81' lang='lat' dir='ltr'>Phocarumque</span> <span class='ocrx_word' id='word_1_17' title='bbox 519 420 662 466; x_wconf 86' lang='lat' dir='ltr'>fluens</span> <span class='ocrx_word' id='word_1_18' title='bbox 682 438 697 472; x_wconf 65' lang='grc' dir='ltr'>ς</span> <span class='ocrx_word' id='word_1_19' title='bbox 717 436 833 466; x_wconf 88' lang='lat' dir='ltr'>nunc</span> <span class='ocrx_word' id='word_1_20' title='bbox 851 422 1007 467; x_wconf 86' lang='lat' dir='ltr'>rustica</span> <span class='ocrx_word' id='word_1_21' title='bbox 1023 433 1120 466; x_wconf 86' lang='lat' dir='ltr'>tota</span> <span class='ocrx_word' id='word_1_22' title='bbox 1147 419 1305 466; x_wconf 77' lang='lat' dir='ltr'>faselos</span> 
     </span>
     <span class='ocr_line' id='line_1_4' title="bbox 165 500 1313 559; baseline 0.003 -17"><span class='ocrx_word' id='word_1_23' title='bbox 165 500 321 559; x_wconf 85' lang='lat' dir='ltr'>Irrigat</span> <span class='ocrx_word' id='word_1_24' title='bbox 344 514 419 545; x_wconf 90' lang='lat' dir='ltr'>aut</span> <span class='ocrx_word' id='word_1_25' title='bbox 444 502 799 547; x_wconf 70' lang='lat' dir='ltr'>miseros&#39;caules</span> <span class='ocrx_word' id='word_1_26' title='bbox 818 504 900 554; x_wconf 76' lang='lat'>3&#39;&amp;</span> <span class='ocrx_word' id='word_1_27' title='bbox 917 503 966 547; x_wconf 89' lang='lat' dir='ltr'>in</span> <span class='ocrx_word' id='word_1_28' title='bbox 984 517 1062 547; x_wconf 88' lang='lat' dir='ltr'>ore</span> <span class='ocrx_word' id='word_1_29' title='bbox 1079 505 1264 547; x_wconf 77' lang='lat' dir='ltr'>leonum</span> <span class='ocrx_word' id='word_1_30' title='bbox 1307 521 1313 524; x_wconf 93' lang='lat'>·</span> 
     </span>
     <span class='ocr_line' id='line_1_5' title="bbox 168 571 1265 641; baseline 0.003 -16"><span class='ocrx_word' id='word_1_31' title='bbox 168 582 500 641; x_wconf 81' lang='lat' dir='ltr'>Phocarumque</span> <span class='ocrx_word' id='word_1_32' title='bbox 522 583 625 626; x_wconf 84' lang='lat' dir='ltr'>suas</span> <span class='ocrx_word' id='word_1_33' title='bbox 642 585 720 626; x_wconf 78' lang='lat' dir='ltr'>vel</span> <span class='ocrx_word' id='word_1_34' title='bbox 750 583 891 627; x_wconf 88' lang='lat' dir='ltr'>tendit</span> <span class='ocrx_word' id='word_1_35' title='bbox 917 571 1073 628; x_wconf 57' lang='lat' dir='ltr'>aranea</span> <span class='ocrx_word' id='word_1_36' title='bbox 1101 582 1233 628; x_wconf 85' lang='lat' dir='ltr'>caffes</span> <span class='ocrx_word' id='word_1_37' title='bbox 1248 613 1265 637; x_wconf 80' lang='grc'><strong>.</strong></span> 
     </span>
     <span class='ocr_line' id='line_1_6' title="bbox 165 662 1201 721; baseline 0.003 -16"><span class='ocrx_word' id='word_1_38' title='bbox 165 663 255 707; x_wconf 79' lang='lat' dir='ltr'>Aut</span> <span class='ocrx_word' id='word_1_39' title='bbox 278 664 396 706; x_wconf 80' lang='lat' dir='ltr'>intus</span> <span class='ocrx_word' id='word_1_40' title='bbox 418 662 548 720; x_wconf 86' lang='lat' dir='ltr'>ponit</span> <span class='ocrx_word' id='word_1_41' title='bbox 569 664 719 706; x_wconf 86' lang='lat' dir='ltr'>luteos</span> <span class='ocrx_word' id='word_1_42' title='bbox 738 663 834 708; x_wconf 84' lang='lat' dir='ltr'>avis</span> <span class='ocrx_word' id='word_1_43' title='bbox 857 664 1031 721; x_wconf 81' lang='lat' dir='ltr'>hospita</span> <span class='ocrx_word' id='word_1_44' title='bbox 1054 663 1201 708; x_wconf 85' lang='lat' dir='ltr'><strong>nidos.</strong></span> 
     </span>
    </p>

    <p class='ocr_par' dir='ltr' id='par_1_3' title="bbox 165 743 1407 2093">
     <span class='ocr_line' id='line_1_7' title="bbox 225 743 1094 803; baseline 0.001 -17"><span class='ocrx_word' id='word_1_45' title='bbox 225 744 391 787; x_wconf 81' lang='lat' dir='ltr'>Alveus</span> <span class='ocrx_word' id='word_1_46' title='bbox 414 743 588 787; x_wconf 85' lang='lat' dir='ltr'>innatas</span> <span class='ocrx_word' id='word_1_47' title='bbox 617 743 728 787; x_wconf 89' lang='lat' dir='ltr'>olim</span> <span class='ocrx_word' id='word_1_48' title='bbox 752 744 953 788; x_wconf 85' lang='lat' dir='ltr'>felicibus</span> <span class='ocrx_word' id='word_1_49' title='bbox 979 744 1094 803; x_wconf 89' lang='lat' dir='ltr'>agris</span> 
     </span>
     <span class='ocr_line' id='line_1_8' title="bbox 165 821 1224 883; baseline 0.003 -17"><span class='ocrx_word' id='word_1_50' title='bbox 165 821 424 880; x_wconf 68' lang='lat' dir='ltr'>Excip&#39;iebat</span> <span class='ocrx_word' id='word_1_51' title='bbox 444 839 578 883; x_wconf 88' lang='lat' dir='ltr'>aquas</span> <span class='ocrx_word' id='word_1_52' title='bbox 604 839 620 875; x_wconf 90' lang='lat'>·,</span> <span class='ocrx_word' id='word_1_53' title='bbox 646 826 691 868; x_wconf 73' lang='grc' dir='ltr'>δι</span> <span class='ocrx_word' id='word_1_54' title='bbox 715 825 879 869; x_wconf 86' lang='lat' dir='ltr'>circum</span> <span class='ocrx_word' id='word_1_55' title='bbox 904 825 1021 883; x_wconf 65' lang='lat' dir='ltr'>piaa</span> <span class='ocrx_word' id='word_1_56' title='bbox 1045 825 1224 882; x_wconf 85' lang='lat' dir='ltr'>phaselo</span> 
     </span>
     <span class='ocr_line' id='line_1_9' title="bbox 167 903 1193 964; baseline 0.002 -16"><span class='ocrx_word' id='word_1_57' title='bbox 167 903 292 948; x_wconf 83' lang='lat' dir='ltr'>Prata</span> <span class='ocrx_word' id='word_1_58' title='bbox 314 906 582 949; x_wconf 84' lang='lat' dir='ltr'>vehebamur</span> <span class='ocrx_word' id='word_1_59' title='bbox 597 938 610 958; x_wconf 90' lang='lat'><strong>‚</strong></span> <span class='ocrx_word' id='word_1_60' title='bbox 635 907 711 950; x_wconf 85' lang='lat' dir='ltr'>vel</span> <span class='ocrx_word' id='word_1_61' title='bbox 735 907 856 950; x_wconf 84' lang='lat' dir='ltr'>edaci</span> <span class='ocrx_word' id='word_1_62' title='bbox 880 907 1059 950; x_wconf 86' lang='lat' dir='ltr'>subdola</span> <span class='ocrx_word' id='word_1_63' title='bbox 1084 905 1193 964; x_wconf 88' lang='lat' dir='ltr'>pisci</span> 
     </span>
     <span class='ocr_line' id='line_1_10' title="bbox 165 984 1317 1045; baseline 0.003 -18"><span class='ocrx_word' id='word_1_64' title='bbox 165 985 295 1028; x_wconf 84' lang='lat' dir='ltr'>Retia</span> <span class='ocrx_word' id='word_1_65' title='bbox 313 985 542 1029; x_wconf 85' lang='lat' dir='ltr'>tendentes</span> <span class='ocrx_word' id='word_1_66' title='bbox 553 1017 567 1038; x_wconf 88' lang='lat'>‚</span> <span class='ocrx_word' id='word_1_67' title='bbox 586 987 662 1030; x_wconf 83' lang='lat' dir='ltr'>vel</span> <span class='ocrx_word' id='word_1_68' title='bbox 680 1000 890 1043; x_wconf 85' lang='lat' dir='ltr'>aquarum</span> <span class='ocrx_word' id='word_1_69' title='bbox 907 986 1070 1045; x_wconf 84' lang='lat' dir='ltr'>frigore</span> <span class='ocrx_word' id='word_1_70' title='bbox 1091 987 1134 1031; x_wconf 76' lang='grc' dir='ltr'>δι</span> <span class='ocrx_word' id='word_1_71' title='bbox 1149 984 1317 1030; x_wconf 83' lang='lat' dir='ltr'>umbris</span> 
     </span>
     <span class='ocr_line' id='line_1_11' title="bbox 165 1065 1294 1124; baseline 0.003 -16"><span class='ocrx_word' id='word_1_72' title='bbox 165 1065 372 1109; x_wconf 86' lang='lat' dir='ltr'>Vitantes</span> <span class='ocrx_word' id='word_1_73' title='bbox 391 1066 592 1124; x_wconf 83' lang='lat' dir='ltr'>rapidum</span> <span class='ocrx_word' id='word_1_74' title='bbox 609 1067 841 1112; x_wconf 80' lang='lat' dir='ltr'>frondente</span> <span class='ocrx_word' id='word_1_75' title='bbox 860 1068 936 1112; x_wconf 87' lang='lat' dir='ltr'>sub</span> <span class='ocrx_word' id='word_1_76' title='bbox 954 1069 1107 1112; x_wconf 89' lang='lat' dir='ltr'>arbore</span> <span class='ocrx_word' id='word_1_77' title='bbox 1125 1069 1264 1112; x_wconf 87' lang='lat' dir='ltr'>solem</span> <span class='ocrx_word' id='word_1_78' title='bbox 1281 1083 1294 1111; x_wconf 71' lang='grc' dir='ltr'><strong><em>ι</em></strong></span> 
     </span>
     <span class='ocr_line' id='line_1_12' title="bbox 168 1147 1310 1207; baseline 0.002 -17"><span class='ocrx_word' id='word_1_79' title='bbox 168 1148 387 1205; x_wconf 78' lang='lat' dir='ltr'>cymbula</span> <span class='ocrx_word' id='word_1_80' title='bbox 409 1147 665 1192; x_wconf 83' lang='lat' dir='ltr'>crediderim</span> <span class='ocrx_word' id='word_1_81' title='bbox 686 1180 702 1203; x_wconf 88' lang='lat'>,</span> <span class='ocrx_word' id='word_1_82' title='bbox 722 1149 952 1193; x_wconf 82' lang='lat' dir='ltr'>venalibus</span> <span class='ocrx_word' id='word_1_83' title='bbox 978 1148 1121 1193; x_wconf 89' lang='lat' dir='ltr'>addita</span> <span class='ocrx_word' id='word_1_84' title='bbox 1144 1147 1278 1207; x_wconf 85' lang='lat' dir='ltr'>lignis</span> <span class='ocrx_word' id='word_1_85' title='bbox 1295 1180 1310 1201; x_wconf 85' lang='lat'><strong>‚</strong></span> 
     </span>
     <span class='ocr_line' id='line_1_13' title="bbox 169 1218 1208 1286; baseline 0.003 -15"><span class='ocrx_word' id='word_1_86' title='bbox 169 1230 285 1271; x_wconf 88' lang='lat' dir='ltr'>Cum</span> <span class='ocrx_word' id='word_1_87' title='bbox 304 1242 472 1286; x_wconf 86' lang='lat' dir='ltr'>quercu</span> <span class='ocrx_word' id='word_1_88' title='bbox 494 1229 599 1274; x_wconf 82' lang='lat' dir='ltr'>vifit</span> <span class='ocrx_word' id='word_1_89' title='bbox 625 1230 765 1274; x_wconf 88' lang='lat' dir='ltr'>tristes</span> <span class='ocrx_word' id='word_1_90' title='bbox 790 1232 952 1274; x_wconf 86' lang='lat' dir='ltr'>urenda</span> <span class='ocrx_word' id='word_1_91' title='bbox 977 1218 1208 1280; x_wconf 79' lang='lat' dir='ltr'>caminos3</span> 
     </span>
     <span class='ocr_line' id='line_1_14' title="bbox 168 1305 1310 1375; baseline 0.004 -23"><span class='ocrx_word' id='word_1_92' title='bbox 168 1310 390 1366; x_wconf 85' lang='lat' dir='ltr'>Trutaque</span> <span class='ocrx_word' id='word_1_93' title='bbox 415 1308 658 1358; x_wconf 72' lang='lat' dir='ltr'>flufficolas</span> <span class='ocrx_word' id='word_1_94' title='bbox 682 1309 799 1354; x_wconf 89' lang='lat' dir='ltr'>inter</span> <span class='ocrx_word' id='word_1_95' title='bbox 822 1305 1116 1369; x_wconf 83' lang='lat' dir='ltr'>pulcherrima</span> <span class='ocrx_word' id='word_1_96' title='bbox 1140 1311 1310 1375; x_wconf 45' lang='lat' dir='ltr'>pisces„</span> 
     </span>
     <span class='ocr_line' id='line_1_15' title="bbox 166 1390 1223 1448; baseline 0.002 -14"><span class='ocrx_word' id='word_1_97' title='bbox 166 1390 340 1442; x_wconf 84' lang='lat' dir='ltr'>Littora</span> <span class='ocrx_word' id='word_1_98' title='bbox 358 1405 454 1448; x_wconf 81' lang='lat' dir='ltr'>quae</span> <span class='ocrx_word' id='word_1_99' title='bbox 479 1391 608 1436; x_wconf 89' lang='lat' dir='ltr'>nobis</span> <span class='ocrx_word' id='word_1_100' title='bbox 633 1393 687 1435; x_wconf 89' lang='lat' dir='ltr'>ad</span> <span class='ocrx_word' id='word_1_101' title='bbox 709 1404 816 1435; x_wconf 89' lang='lat' dir='ltr'>nota</span> <span class='ocrx_word' id='word_1_102' title='bbox 839 1391 1085 1436; x_wconf 86' lang='lat' dir='ltr'>sedentibus</span> <span class='ocrx_word' id='word_1_103' title='bbox 1111 1393 1223 1436; x_wconf 87' lang='lat' dir='ltr'>olim</span> 
     </span>
     <span class='ocr_line' id='line_1_16' title="bbox 166 1471 1223 1531; baseline 0.003 -17"><span class='ocrx_word' id='word_1_104' title='bbox 166 1471 363 1515; x_wconf 76' lang='lat' dir='ltr'>Adnabat</span> <span class='ocrx_word' id='word_1_105' title='bbox 377 1503 390 1524; x_wconf 84' lang='lat'>‚</span> <span class='ocrx_word' id='word_1_106' title='bbox 414 1473 573 1515; x_wconf 86' lang='lat' dir='ltr'>molles</span> <span class='ocrx_word' id='word_1_107' title='bbox 597 1471 760 1516; x_wconf 63' lang='lat' dir='ltr'>fructus</span> <span class='ocrx_word' id='word_1_108' title='bbox 778 1504 791 1526; x_wconf 86' lang='lat'>,</span> <span class='ocrx_word' id='word_1_109' title='bbox 812 1471 1068 1530; x_wconf 85' lang='lat' dir='ltr'>servataque</span> <span class='ocrx_word' id='word_1_110' title='bbox 1096 1474 1223 1531; x_wconf 81' lang='lat' dir='ltr'>panis</span> 
     </span>
     <span class='ocr_line' id='line_1_17' title="bbox 167 1551 1310 1611; baseline 0.002 -15"><span class='ocrx_word' id='word_1_111' title='bbox 167 1551 359 1596; x_wconf 84' lang='lat' dir='ltr'>Frustula</span> <span class='ocrx_word' id='word_1_112' title='bbox 381 1553 637 1596; x_wconf 86' lang='lat' dir='ltr'>mendicans</span> <span class='ocrx_word' id='word_1_113' title='bbox 662 1553 806 1596; x_wconf 86' lang='lat' dir='ltr'>oculis</span> <span class='ocrx_word' id='word_1_114' title='bbox 833 1553 1055 1611; x_wconf 66' lang='lat' dir='ltr'>caudaque</span> <span class='ocrx_word' id='word_1_115' title='bbox 1075 1554 1310 1608; x_wconf 87' lang='lat' dir='ltr'>trementi,</span> 
     </span>
     <span class='ocr_line' id='line_1_18' title="bbox 169 1629 1251 1693; baseline -0.001 -12"><span class='ocrx_word' id='word_1_116' title='bbox 169 1634 301 1681; x_wconf 84' lang='lat' dir='ltr'>Ceffit</span> <span class='ocrx_word' id='word_1_117' title='bbox 322 1634 473 1692; x_wconf 85' lang='lat' dir='ltr'>aquis,</span> <span class='ocrx_word' id='word_1_118' title='bbox 498 1649 613 1678; x_wconf 79' lang='lat' dir='ltr'>ranae</span> <span class='ocrx_word' id='word_1_119' title='bbox 639 1635 844 1692; x_wconf 87' lang='lat' dir='ltr'>linquens</span> <span class='ocrx_word' id='word_1_120' title='bbox 874 1636 1052 1679; x_wconf 80' lang='lat' dir='ltr'>coenosa</span> <span class='ocrx_word' id='word_1_121' title='bbox 1074 1629 1251 1693; x_wconf 83' lang='lat' dir='ltr'>loquaci</span> 
     </span>
     <span class='ocr_line' id='line_1_19' title="bbox 167 1715 1271 1774; baseline 0.003 -16"><span class='ocrx_word' id='word_1_122' title='bbox 167 1715 368 1759; x_wconf 79' lang='lat' dir='ltr'>Flumina</span> <span class='ocrx_word' id='word_1_123' title='bbox 391 1731 404 1759; x_wconf 73' lang='grc' dir='ltr'><strong>ε</strong></span> <span class='ocrx_word' id='word_1_124' title='bbox 430 1715 604 1773; x_wconf 87' lang='lat' dir='ltr'>gallinis</span> <span class='ocrx_word' id='word_1_125' title='bbox 629 1716 988 1774; x_wconf 85' lang='lat' dir='ltr'>graveolentibus</span> <span class='ocrx_word' id='word_1_126' title='bbox 1018 1716 1127 1760; x_wconf 84' lang='lat' dir='ltr'>atria</span> <span class='ocrx_word' id='word_1_127' title='bbox 1152 1731 1271 1774; x_wconf 86' lang='lat' dir='ltr'>pavo</span> 
     </span>
     <span class='ocr_line' id='line_1_20' title="bbox 168 1795 1256 1854; baseline 0.002 -14"><span class='ocrx_word' id='word_1_128' title='bbox 168 1796 324 1841; x_wconf 87' lang='lat' dir='ltr'>Libera</span> <span class='ocrx_word' id='word_1_129' title='bbox 350 1795 543 1853; x_wconf 84' lang='lat' dir='ltr'>permifit</span> <span class='ocrx_word' id='word_1_130' title='bbox 570 1811 585 1846; x_wconf 88' lang='lat'>;</span> <span class='ocrx_word' id='word_1_131' title='bbox 610 1796 819 1854; x_wconf 82' lang='lat' dir='ltr'>villaeque</span> <span class='ocrx_word' id='word_1_132' title='bbox 847 1797 1032 1841; x_wconf 88' lang='lat' dir='ltr'>nitentis</span> <span class='ocrx_word' id='word_1_133' title='bbox 1060 1811 1256 1842; x_wconf 87' lang='lat' dir='ltr'>amantes</span> 
     </span>
     <span class='ocr_line' id='line_1_21' title="bbox 166 1875 1238 1934; baseline 0.003 -14"><span class='ocrx_word' id='word_1_134' title='bbox 166 1875 394 1920; x_wconf 81' lang='lat' dir='ltr'>Excefl‘ere</span> <span class='ocrx_word' id='word_1_135' title='bbox 419 1875 546 1920; x_wconf 88' lang='lat' dir='ltr'>fimul</span> <span class='ocrx_word' id='word_1_136' title='bbox 570 1875 738 1934; x_wconf 89' lang='lat' dir='ltr'>triplici</span> <span class='ocrx_word' id='word_1_137' title='bbox 765 1878 818 1921; x_wconf 90' lang='lat' dir='ltr'>de</span> <span class='ocrx_word' id='word_1_138' title='bbox 844 1889 963 1921; x_wconf 84' lang='lat' dir='ltr'>turre</span> <span class='ocrx_word' id='word_1_139' title='bbox 989 1880 1201 1923; x_wconf 80' lang='lat' dir='ltr'>columbae</span> <span class='ocrx_word' id='word_1_140' title='bbox 1222 1894 1238 1930; x_wconf 79' lang='lat'>⁰,</span> 
     </span>
     <span class='ocr_line' id='line_1_22' title="bbox 166 1957 1407 2015; baseline 0.002 -13"><span class='ocrx_word' id='word_1_141' title='bbox 166 1958 387 2015; x_wconf 66' lang='lat' dir='ltr'>‘festaque</span> <span class='ocrx_word' id='word_1_142' title='bbox 417 1958 676 2002; x_wconf 84' lang='lat' dir='ltr'>marmoreis</span> <span class='ocrx_word' id='word_1_143' title='bbox 700 1957 897 2002; x_wconf 89' lang='lat' dir='ltr'>habitant</span> <span class='ocrx_word' id='word_1_144' title='bbox 925 1958 1080 2003; x_wconf 83' lang='lat' dir='ltr'>innixa</span> <span class='ocrx_word' id='word_1_145' title='bbox 1108 1959 1327 2005; x_wconf 83' lang='lat' dir='ltr'>columnis</span> <span class='ocrx_word' id='word_1_146' title='bbox 1400 1972 1407 1979; x_wconf 85' lang='grc'><strong><em>’</em></strong></span> 
     </span>
     <span class='ocr_line' id='line_1_23' title="bbox 165 2038 1292 2093; baseline 0.002 -9"><span class='ocrx_word' id='word_1_147' title='bbox 165 2040 257 2084; x_wconf 79' lang='lat' dir='ltr'>Aut</span> <span class='ocrx_word' id='word_1_148' title='bbox 282 2038 432 2083; x_wconf 85' lang='lat' dir='ltr'>infesta</span> <span class='ocrx_word' id='word_1_149' title='bbox 456 2040 617 2084; x_wconf 88' lang='lat' dir='ltr'>cohors</span> <span class='ocrx_word' id='word_1_150' title='bbox 644 2053 818 2084; x_wconf 87' lang='lat' dir='ltr'>murum</span> <span class='ocrx_word' id='word_1_151' title='bbox 835 2073 848 2093; x_wconf 89' lang='lat'><strong>‚</strong></span> <span class='ocrx_word' id='word_1_152' title='bbox 874 2042 949 2084; x_wconf 92' lang='lat' dir='ltr'>vel</span> <span class='ocrx_word' id='word_1_153' title='bbox 972 2042 1088 2084; x_wconf 92' lang='lat' dir='ltr'>bubo</span> <span class='ocrx_word' id='word_1_154' title='bbox 1113 2040 1292 2087; x_wconf 85' lang='lat' dir='ltr'>finister.</span> 
     </span>
    </p>

    <p class='ocr_par' dir='ltr' id='par_1_4' title="bbox 166 2120 1408 2505">
     <span class='ocr_line' id='line_1_24' title="bbox 226 2120 1406 2181; baseline 0.003 -17"><span class='ocrx_word' id='word_1_155' title='bbox 226 2122 322 2164; x_wconf 84' lang='lat' dir='ltr'>Nos</span> <span class='ocrx_word' id='word_1_156' title='bbox 338 2123 492 2177; x_wconf 87' lang='lat' dir='ltr'>procul</span> <span class='ocrx_word' id='word_1_157' title='bbox 506 2121 611 2165; x_wconf 87' lang='lat' dir='ltr'>hinc</span> <span class='ocrx_word' id='word_1_158' title='bbox 626 2120 717 2166; x_wconf 77' lang='lat' dir='ltr'>alio</span> <span class='ocrx_word' id='word_1_159' title='bbox 737 2136 916 2180; x_wconf 86' lang='lat' dir='ltr'>quoque</span> <span class='ocrx_word' id='word_1_160' title='bbox 936 2121 1250 2181; x_wconf 86' lang='lat' dir='ltr'>migraremus·,</span> <span class='ocrx_word' id='word_1_161' title='bbox 1267 2125 1314 2168; x_wconf 91' lang='lat' dir='ltr'>in</span> <span class='ocrx_word' id='word_1_162' title='bbox 1331 2123 1406 2170; x_wconf 77' lang='lat' dir='ltr'>illa</span> 
     </span>
     <span class='ocr_line' id='line_1_25' title="bbox 167 2202 1225 2262; baseline 0.002 -16"><span class='ocrx_word' id='word_1_163' title='bbox 167 2204 307 2247; x_wconf 87' lang='lat' dir='ltr'>Sorde</span> <span class='ocrx_word' id='word_1_164' title='bbox 331 2202 478 2257; x_wconf 84' lang='lat' dir='ltr'>iacens</span> <span class='ocrx_word' id='word_1_165' title='bbox 494 2234 507 2256; x_wconf 92' lang='lat'>‚</span> <span class='ocrx_word' id='word_1_166' title='bbox 529 2203 610 2247; x_wconf 72' lang='lat' dir='ltr'>nisi</span> <span class='ocrx_word' id='word_1_167' title='bbox 635 2203 803 2248; x_wconf 76' lang='lat' dir='ltr'>vicinas</span> <span class='ocrx_word' id='word_1_168' title='bbox 832 2204 1071 2262; x_wconf 86' lang='lat' dir='ltr'>Campania</span> <span class='ocrx_word' id='word_1_169' title='bbox 1093 2204 1225 2248; x_wconf 87' lang='lat' dir='ltr'>villas</span> 
     </span>
     <span class='ocr_line' id='line_1_26' title="bbox 166 2285 1408 2343; baseline 0.003 -16"><span class='ocrx_word' id='word_1_170' title='bbox 166 2285 409 2341; x_wconf 83' lang='lat' dir='ltr'>Exsuperet</span> <span class='ocrx_word' id='word_1_171' title='bbox 428 2299 441 2328; x_wconf 69' lang='grc' dir='ltr'><strong>ε</strong></span> <span class='ocrx_word' id='word_1_172' title='bbox 461 2298 562 2328; x_wconf 84' lang='lat' dir='ltr'>nam</span> <span class='ocrx_word' id='word_1_173' title='bbox 582 2285 745 2339; x_wconf 76' lang='lat' dir='ltr'>mirum</span> <span class='ocrx_word' id='word_1_174' title='bbox 764 2289 773 2330; x_wconf 92' lang='lat'>!</span> <span class='ocrx_word' id='word_1_175' title='bbox 796 2285 932 2329; x_wconf 85' lang='lat' dir='ltr'>etiam</span> <span class='ocrx_word' id='word_1_176' title='bbox 951 2287 1161 2343; x_wconf 84' lang='lat' dir='ltr'>populata</span> <span class='ocrx_word' id='word_1_177' title='bbox 1175 2318 1188 2340; x_wconf 87' lang='lat'>‚</span> <span class='ocrx_word' id='word_1_178' title='bbox 1204 2287 1408 2331; x_wconf 87' lang='lat' dir='ltr'>decorem</span> 
     </span>
     <span class='ocr_line' id='line_1_27' title="bbox 166 2364 1240 2423; baseline 0.002 -15"><span class='ocrx_word' id='word_1_179' title='bbox 166 2364 329 2408; x_wconf 86' lang='lat' dir='ltr'>Invitis</span> <span class='ocrx_word' id='word_1_180' title='bbox 354 2364 515 2409; x_wconf 81' lang='lat' dir='ltr'>retinet</span> <span class='ocrx_word' id='word_1_181' title='bbox 538 2365 732 2411; x_wconf 85' lang='lat' dir='ltr'>dominis</span> <span class='ocrx_word' id='word_1_182' title='bbox 755 2381 768 2416; x_wconf 79' lang='lat'>3</span> <span class='ocrx_word' id='word_1_183' title='bbox 794 2367 1021 2423; x_wconf 85' lang='lat' dir='ltr'>cultusque</span> <span class='ocrx_word' id='word_1_184' title='bbox 1039 2366 1240 2410; x_wconf 84' lang='lat' dir='ltr'>vetustos</span> 
     </span>
     <span class='ocr_line' id='line_1_28' title="bbox 168 2446 1316 2505; baseline 0 -15"><span class='ocrx_word' id='word_1_185' title='bbox 168 2446 334 2490; x_wconf 71' lang='lat' dir='ltr'>Natura</span> <span class='ocrx_word' id='word_1_186' title='bbox 364 2446 593 2504; x_wconf 83' lang='lat' dir='ltr'>supplente</span> <span class='ocrx_word' id='word_1_187' title='bbox 611 2480 623 2500; x_wconf 88' lang='lat'>,</span> <span class='ocrx_word' id='word_1_188' title='bbox 648 2461 819 2491; x_wconf 82' lang='lat' dir='ltr'>merum</span> <span class='ocrx_word' id='word_1_189' title='bbox 844 2462 915 2491; x_wconf 88' lang='lat' dir='ltr'>rus</span> <span class='ocrx_word' id='word_1_190' title='bbox 946 2448 1083 2505; x_wconf 88' lang='lat' dir='ltr'>usque</span> <span class='ocrx_word' id='word_1_191' title='bbox 1112 2448 1316 2503; x_wconf 84' lang='lat' dir='ltr'>placebit.</span> 
     </span>
    </p>

    <p class='ocr_par' dir='ltr' id='par_1_5' title="bbox 226 2515 1347 2587">
     <span class='ocr_line' id='line_1_29' title="bbox 226 2515 1347 2587; baseline -0.001 -16"><span class='ocrx_word' id='word_1_192' title='bbox 226 2529 308 2571; x_wconf 78' lang='lat' dir='ltr'>Hae</span> <span class='ocrx_word' id='word_1_193' title='bbox 329 2528 427 2572; x_wconf 86' lang='lat' dir='ltr'>sunt</span> <span class='ocrx_word' id='word_1_194' title='bbox 443 2560 456 2583; x_wconf 91' lang='lat'>,</span> <span class='ocrx_word' id='word_1_195' title='bbox 475 2528 720 2574; x_wconf 82' lang='lat' dir='ltr'>Lamonide</span> <span class='ocrx_word' id='word_1_196' title='bbox 739 2561 752 2583; x_wconf 89' lang='lat'><strong>‚</strong></span> <span class='ocrx_word' id='word_1_197' title='bbox 773 2531 925 2587; x_wconf 82' lang='lat' dir='ltr'>quales</span> <span class='ocrx_word' id='word_1_198' title='bbox 944 2530 1153 2574; x_wconf 73' lang='lat' dir='ltr'>desideret</span> <span class='ocrx_word' id='word_1_199' title='bbox 1172 2515 1347 2585; x_wconf 69' lang='lat' dir='ltr'>emptor</span> 
     </span>
    </p>

    <p class='ocr_par' dir='ltr' id='par_1_6' title="bbox 1057 2608 1169 2664">
     <span class='ocr_line' id='line_1_30' title="bbox 1057 2608 1169 2664; baseline 0 -11"><span class='ocrx_word' id='word_1_200' title='bbox 1057 2613 1092 2653; x_wconf 91' lang='lat' dir='ltr'>C</span> <span class='ocrx_word' id='word_1_201' title='bbox 1121 2608 1169 2664; x_wconf 81' lang='lat' dir='ltr'>iij</span> 
     </span>
    </p>
   </div>
  </div>
 </body>
</html>
