1500 2886
539 250 842 310 LIBER
885 251 997 312 IV.
1305 267 1387 328 97

149 345 354 396 imbelles
378 361 595 409 praetexat
624 369 736 400 oves
755 387 770 409 ‚
797 352 1006 414 nudoqu‘e
1019 352 1197 399 *recuset

152 431 242 474 Sub
265 431 372 485 jove
398 434 624 492 frigidulas
648 436 792 493 segnis
817 438 1041 480 traducere
1066 434 1218 480 nostes
1238 448 1252 477 ε

151 510 274 555 Raro
301 526 490 571 namque
515 513 625 557 fimo
649 515 913 572 pecorisque
944 528 1099 572 tepore
1125 510 1325 558 cubantis

152 592 320 637 Laetior
346 594 407 637 est
422 627 436 648 ‚
467 593 598 652 quam
626 594 657 637 fi
682 595 826 651 plenis
852 595 1003 638 satiata
1030 586 1222 639 canistris
1243 626 1258 648 ,

152 673 370 718 Stercoris
397 676 596 734 ingentes
622 677 752 720 tellus
780 677 976 720 absumat
1005 690 1206 720 acerve&

215 755 480 799 Praematura
502 769 652 800 tamen
675 755 820 800 nimio
849 757 881 800 fi
913 757 1077 814 frigore
1102 758 1267 799 coelum

154 835 441 880 Contristabit
467 836 647 886 hiems3
679 851 813 894 pecus
837 836 1081 880 indormire
1106 836 1268 894 rigenti

154 916 262 960 Non
287 916 453 972 patiere
481 917 579 960 solo
595 949 610 970 ,
636 930 719 963 nec
746 917 935 960 adustam
959 917 1150 976 segniter
1175 916 1270 973 ipsa

157 997 248 1040 Sub
269 997 374 1041 nive
394 997 544 1040 rimari
563 996 709 1055 gelido
727 998 838 1054 pede
859 997 1067 1056 graminis
1086 997 1264 1041 herbam
1285 1012 1297 1041 ε

157 1078 248 1121 Sed
274 1077 418 1120 vicias
444 1090 518 1120 aut
540 1077 633 1121 vile
657 1077 777 1121 dabis
807 1077 1070 1135 praesepibus
1096 1092 1250 1122 ervum
1271 1108 1287 1131 ,

157 1158 214 1200 Et
230 1157 407 1200 stondes
426 1158 692 1214 fenumque;
717 1172 893 1216 gregem
909 1172 964 1201 ne
984 1169 1124 1200 tentet
1139 1157 1329 1200 ovillum

160 1237 274 1280 Dira
290 1239 428 1282 fames
448 1237 728 1300 ‚scabiesque
747 1238 874 1281 famis
890 1251 1039 1280 comes
1056 1250 1242 1293 occupet
1257 1249 1392 1283 artus.

163 1320 272 1363 Haec
295 1319 371 1362 ubi
397 1318 641 1377 lanigerum
666 1332 801 1375 pecus
829 1316 1003 1375 attigit,
1027 1317 1181 1360 arbore
1210 1317 1348 1361 costas

162 1400 405 1456 Impatiens
432 1401 627 1457 deterget
655 1399 791 1453 ovis,
820 1400 896 1443 vel
923 1398 1076 1455 scalpit
1101 1399 1280 1441 aduncis

164 1481 388 1524 Cornibus
408 1512 423 1533 ‚
453 1492 527 1523 aut
553 1478 704 1522 morsu
729 1478 846 1521 flexa
874 1478 1046 1522 cervice
1072 1489 1302 1527 cruentat·,

157 1560 295 1613 ‘Unde
323 1574 471 1606 cutem
500 1562 586 1605 late
614 1559 757 1603 fundit
782 1560 826 1602 se
856 1558 987 1617 pestis
1017 1560 1066 1603 in
1093 1573 1289 1605 omnem.

214 1641 330 1685 =Post
349 1641 542 1684 hiemem
563 1654 699 1699 quum
718 1640 810 1684 sole
830 1641 958 1684 nives
976 1639 1145 1697 periere
1163 1672 1177 1695 ‚
1197 1641 1396 1687 revisunt

168 1704 333 1766 Pascua
358 1723 459 1766 laeta
483 1734 635 1779 greges
655 1736 668 1764 ι
695 1719 806 1764 aries
833 1721 1037 1778 praecedit
1056 1754 1070 1775 ,
1100 1723 1144 1765 &
1167 1722 1246 1766 illo

170 1803 258 1845 Sub
278 1802 385 1844 duce
406 1799 639 1859 gramineis
658 1801 817 1844 hilares
836 1800 1075 1857 spatiantur
1093 1801 1141 1844 in
1159 1802 1271 1861 agris
1292 1836 1306 1858 ,

170 1880 503 1938 Dquremque
522 1880 646 1939 sequi
666 1882 853 1940 gaudent
870 1897 885 1931 ;
916 1882 992 1925 seu
1009 1883 1190 1939 vespere
1208 1884 1354 1928 Pastor

171 1964 317 2019 Cogat
335 1975 445 2005 oves
465 1993 479 2014 ‚
512 1961 683 2005 rabidos
702 1962 849 2006 medio
869 1962 943 2005 seu
962 1963 1054 2007 sole
1073 1977 1150 2019 per
1168 1964 1292 2007 aestus

174 2044 426 2099 Compellat
442 2056 575 2099 pecus
594 2042 643 2086 in
659 2045 796 2088 valles
819 2058 1135 2102 nemorumque
1153 2047 1334 2088 latebras
1351 2060 1367 2095 ς

176 2126 264 2167 Seu
285 2136 438 2166 tenues
456 2123 637 2179 pedibus
656 2123 780 2167 rivos
799 2138 1059 2181 amnemque
1078 2125 1255 2180 phaselo

176 2202 399 2257 Trajicere
416 2234 431 2255 ‚
455 2214 530 2245 aut
546 2202 674 2246 fofl‘as
694 2217 806 2260 opus
825 2202 886 2246 est
905 2203 1194 2248 transmittere
1212 2205 1338 2251 saltu.

177 2285 328 2342 Usque
354 2284 463 2327 adeo
487 2281 547 2326 est
571 2296 677 2341 gens
702 2282 778 2326 illa
802 2283 965 2339 sequax
982 2314 996 2336 ‚
1020 2296 1069 2325 ut
1093 2283 1227 2328 sicubi
1249 2297 1372 2331 torto

181 2367 383 2420 Corpore
409 2364 499 2407 dux
522 2363 635 2408 aries
661 2363 771 2407 saltu
795 2363 927 2425 micat
951 2364 1064 2407 altus
1087 2396 1097 2415 ,
1122 2363 1283 2409 ibidem

182 2444 412 2491 subsiliant
435 2457 592 2500 omnes
616 2444 751 2504 plano
775 2444 853 2490 vel
878 2442 928 2488 in
950 2457 1128 2504 aequore
1152 2458 1329 2496 matres.

1124 2524 1168 2573 G
