1482 2834
104 217 224 296 360·
346 217 670 276 PnAE-mz
709 219 873 276 Rvs
895 230 1088 274 τισι

104 318 273 362 Pellitis
299 318 375 362 alii
404 319 606 362 manibus
635 318 776 375 capita
803 321 889 362 alta
914 318 1157 367 tenebunt3
1199 323 1201 326 ⁴
1258 322 1302 356 f
1367 313 1380 348 ³

107 400 252 454 Atque
279 399 354 441 alii
379 399 510 442 remis
535 400 729 442 lembum
756 411 983 456 contoque
1013 394 1182 456 saligno
1394 453 1399 463 ἦ

107 479 351 522 Adversum
368 479 623 536 impellent:
656 491 949 536 contentaque
965 478 1138 522 brachia
1156 479 1313 522 ducent
1325 491 1344 530 3
1364 518 1370 523 .
1388 495 1390 498 ·

107 559 268 601 Donec
292 559 575 602 arundineam
605 572 818 603 moveant
842 561 896 603 ad
917 559 1069 603 littora
1097 559 1270 604 filvam.
1386 551 1389 558 ”

171 638 357 683 Piscosae
383 639 456 682 sed
480 641 600 683 nulla
626 639 764 696 magis
792 639 1024 683 metuenda
1051 639 1200 696 paludi

110 699 245 776 Pestis
269 718 384 768 erit,
413 733 543 775 quam
571 718 666 762 dira
692 719 868 765 fames:
898 718 1096 763 Cerealia
1122 717 1319 777 lymphis
1369 724 1397 778 '-

111 799 314 857 Spargite
342 800 485 852 dona,
516 799 644 843 viri.
636 800 833 842 ·morbo
857 799 1018 843 sublata
1042 799 1198 843 latenti
1279 855 1281 858 Α

111 880 160 923 Si
189 894 274 937 qua
297 880 456 937 peribit
483 882 584 924 ovis
603 913 616 933 ‚
645 881 677 923 fi
706 881 806 938 quis
831 881 912 924 bos
938 880 1053 924 inter
1077 881 1286 925 arandum
1327 903 1329 905 ·
1363 900 1366 913 .

82 958 85 961 ’
115 961 372 1005 Conciderit
391 993 403 1012 ,
433 961 570 1005 subita
597 961 832 1019 prostratus
860 973 1040 1012 morte3
1069 963 1320 1006 vorandum
1389 967 1393 970 ’

113 1041 288 1084 Mittite
315 1042 623 1099 squamigerae,
654 1042 865 1086 convivia
893 1042 1069 1101 grandia
1085 1075 1098 1096 ‚
1124 1042 1276 1101 genti:

114 1122 325 1176 Projicite
355 1124 399 1166 ὅ(
424 1122 548 1166 tritas
574 1124 748 1181 glandes
769 1150 782 1172 ,
817 1123 1044 1180 vilenique
1066 1116 1244 1168 faselum
1261 1153 1278 1176 ,

114 1205 170 1246 Et
195 1203 303 1246 ficus
333 1204 486 1260 longo,
504 1215 731 1259 corruptas
757 1202 896 1247 imbre
913 1235 925 1257 ,
951 1202 1124 1260 suisque

116 1285 255 1328 Poma
280 1284 360 1327 sub
390 1284 616 1327 arboribus
644 1283 793 1340 paffim
822 1298 916 1340 quae
942 1283 1068 1327 strata
1094 1283 1322 1339 jacebunt:

117 1364 254 1421 Piscis
284 1363 404 1406 enim
432 1362 680 1408 stimulante
701 1365 814 1408 fame
839 1365 1083 1429 crudasque⁶
1099 1365 1118 1421 (
1134 1365 1323 1408 ferarum
1375 1367 1394 1412 ‚³

121 1446 254 1489 More
273 1445 290 1499 )
310 1456 441 1488 vorat
470 1458 621 1488 carnes
635 1477 648 1498 ,
674 1443 777 1488 ovis
797 1444 925 1488 instar
949 1443 1143 1503 gramina
1162 1445 1341 1497 tondet,

117 1526 173 1568 Et
200 1525 288 1573 ritu
319 1527 556 1569 volucrum
585 1523 827 1582 depascitur
853 1526 1004 1572 helluo
1030 1525 1207 1583 fruges;

120 1608 215 1650 Nec
238 1604 386 1661 jejuna
417 1606 507 1648 suis
537 1619 562 1653 a
588 1605 760 1650 civibus
787 1604 970 1649 abstinet
995 1619 1090 1650 ora.
1379 1643 1390 1657 ‚

179 1686 486 1743 Nequicquam
507 1685 675 1734 cobites
696 1716 710 1738 ‚
736 1685 965 1741 cottusque
982 1717 996 1739 ‚
1020 1685 1063 1728 &
1081 1683 1216 1743 gobio
1235 1695 1362 1729 tutu·¹
1394 1734 1398 1739 ,
1430 1694 1441 1748 J

120 1765 266 1809 Littus
288 1777 435 1809 amant
455 1780 466 1808 ε
491 1766 682 1822 anguilla
701 1779 844 1808 vorax
858 1766 968 1809 vada
985 1775 1126 1810 tranat
1138 1798 1150 1819 ‚
1171 1765 1215 1809 &
1233 1777 1370 1809 atram
1424 1800 1441 1815 .,

107 1844 348 1898 ,ΡίίοἱωΙίε
373 1846 515 1900 replet
534 1844 798 1902 ingluviem.
821 1846 971 1900 Quum
992 1847 1118 1890 turba
1138 1854 1387 1890 natantum·
1440 1848 1441 1854 ’

130 1928 300 1974 Caetera
324 1925 572 1982 grandescat
602 1940 617 1974 ·‚
647 1925 782 1968 nullis
810 1939 886 1968 cur
908 1925 1134 1982 phoxinus
1160 1925 1286 1971 annis
1386 1985 1390 1990 ⁴

121 2010 182 2052 Et
210 2018 355 2049 cottus
382 2006 560 2060 minor,
588 2007 631 2057 δι
657 2006 825 2050 cobites
855 2021 904 2050 ac
931 2006 1068 2065 gobio
1096 2007 1322 2064 crescant3
1374 2020 1387 2066 2
1426 2051 1430 2063 4

126 2086 278 2137 Dicite
297 2119 309 2140 ,
335 2087 529 2136 Pierides
550 2120 563 2140 ‚
587 2102 712 2138 nanae
737 2088 983 2145 primordia
1012 2088 1172 2147 gentis.

187 2167 375 2210 Oceano
402 2167 589 2225 propior
613 2168 753 2226 pigris
780 2168 854 2215 ubi
883 2168 1046 2217 tardius
1071 2167 1203 2213 undis
1406 2215 1423 2219 .⁷

126 2246 344 2291 Volvitur
371 2247 609 2291 Eridanus·
600 2278 614 2298 ‚
637 2248 848 2304 juvenum
869 2263 1022 2292 manus
1042 2248 1209 2307 inclyta
1227 2261 1397 2306 quon
1411 2229 1439 2303 τ’,

126 2327 250 2370 Dum
272 2338 468 2371 recreant
487 2326 659 2371 animos
681 2329 818 2381 ludo,
836 2328 1141 2386 placidumque
1159 2343 1238 2386 per
1255 2301 1429 2401 amne-nb.

80 2463 85 2469 Ι
127 2405 385 2463 conjiciunt
405 2406 569 2467 lapides
583 2439 596 2464 ‚
619 2407 714 2468 qui
713 2407 878 2455 summa
899 2422 978 2469 per
1003 2422 1180 2470 aequora
1202 2408 1355 2457 crebro
