1482 2834
457 254 767 319 ‘mum
827 248 997 319 VII.
1163 283 1167 286 ⁴
1239 258 1352 340 17}

106 344 164 407 it
165 361 322 406 ascitur
343 362 457 406 alma
476 363 598 421 seges
621 363 741 407 coelo
765 361 844 406 sub
864 374 1086 420 utroquez
1105 361 1292 419 suusque
1328 392 1331 398 η

121 443 187 486 Ut
212 445 335 487 calor
358 443 557 501 AEgypto
573 475 588 496 ,
614 442 853 487 Thracibus
874 442 938 487 fic
955 442 1122 501 frigora
1139 439 1323 500 presun‘t
1338 460 1353 491 :

122 524 268 567 Ubere
290 523 400 567 ditat
423 523 543 567 enim
566 522 662 566 fetu
684 521 758 566 vis
783 533 969 579 utraque
995 534 1191 574 εει-ειυς

122 604 178 646 Et
202 613 301 661 que
325 603 502 648 delicias
524 602 630 647 vitae
653 602 856 648 mortalis
881 602 931 646 in
957 618 1114 649 omnes

120 682 314 728 Partitur
335 685 497 727 Natura
522 683 669 740 plagas
686 713 699 734 ‚
725 682 845 726 dedit
866 683 1074 728 omnibus
1098 685 1213 743 agris

121 763 337 808 Triticeas
353 788 367 816 ⁵
390 762 599 806 alimenta
619 762 769 807 viram
792 749 1080 819 coirimunizsf,v
1106 766 1272 825 fruges.

180 843 330 887 Flavis
354 857 463 902 ergo
487 843 611 901 seges
635 857 772 900 quum
796 843 978 887 flustuat
1001 858 1132 889 aurea
1154 848 1355 906 campisg

117 920 451 982 Demiffiimque
473 936 603 982 caput
627 924 822 982 gravidis
848 925 1030 970 inclinat
1056 926 1191 972 aristis
1209 945 1222 972 ι
1316 955 1319 957 >

118 1004 367 1065 Accingunt
392 1004 520 1062 operi
545 1005 637 1050 sese
662 1005 907 1064 matresque
930 1006 1125 1065 virique.

117 1087 185 1130 Ac
209 1089 335 1131 velut
358 1086 407 1129 in
431 1085 603 1144 magnis
628 1086 782 1142 patriae
805 1087 1035 1144 gentisque
1061 1088 1238 1144 periclis
1255 1121 1269 1144 ,

118 1166 231 1210 Dira
242 1168 357 1210 tubae
373 1181 509 1223 quum
522 1167 639 1210 bella
651 1168 814 1210 canunt
824 1200 837 1220 ‚
849 1168 941 1211 ruit
956 1169 1104 1212 omnis
1119 1169 1167 1213 in
1180 1171 1353 1219 hostem

120 1248 256 1292 Miles
272 1260 291 1302 ,·
308 1249 353 1291 δι
376 1247 552 1291 armatis
575 1238 812 1290 viduantur
837 1247 1009 1292 civibus
1032 1251 1160 1293 urbes
1179 1267 1190 1294 :

120 1329 193 1372 Sic
219 1329 295 1372 ubi
321 1341 504 1386 procera
530 1327 726 1384 pendens
755 1338 815 1369 ex
839 1328 995 1370 arhore
1012 1360 1025 1380 ,
1052 1341 1185 1374 rauco

120 1409 336 1454 Meffores
360 1421 510 1467 arguta
535 1418 672 1451 vocat
695 1405 878 1451 stridore
903 1407 1080 1458 cicada·,

116 1490 318 1537 falcibus
341 1501 589 1543 armantur,
613 1488 881 1545 camposque
904 1481 1067 1533 tesedia
1090 1503 1171 1547 per
1196 1502 1355 1540 omnes

120 1569 379 1617 Procumbit'
406 1569 559 1628 seges,
584 1568 630 1611 &
654 1567 803 1624 primo
828 1568 1047 1613 nascentis
1071 1572 1123 1615 ab
1149 1585 1252 1617 ortu
1319 1572 1324 1577 ’
1345 1576 1359 1587 f

118 1653 243 1698 Solis
267 1652 322 1695 ad
344 1649 547 1694 oceasum
569 1646 748 1704 requies
769 1645 856 1692 vix
879 1649 969 1693 ulla
991 1651 1194 1697 laborum
1217 1654 1296 1701 est.

126 1734 366 1788 Temperat
388 1729 564 1773 aestivos
587 1728 747 1784 praedae
769 1728 869 1786 spes
895 1730 1050 1774 blanda
1074 1734 1274 1789 calores5
1318 1735 1320 1737 ’

124 1814 180 1856 Et
207 1812 355 1856 medio
378 1806 496 1854 licet‘
510 1809 620 1853 orbe
642 1808 792 1854 furens
819 1808 1084 1869 meffemque
1107 1798 1318 1873 virosque

126 1895 316 1937 Torreat
331 1923 346 1946 ,
363 1905 414 1936 ac
429 1888 639 1940 membris
657 1890 861 1934 sudorem
878 1890 1087 1952 abstergat
1102 1925 1125 1949 ,-
1136 1896 1181 1939 &
1199 1893 1316 1941 idem
1330 1891 1340 1902 ‘

124 1974 283 2019 Eliciat
306 1973 498 2018 Phoebus
518 1987 533 2022 ;
558 1984 653 2018 non
674 1972 875 2017 umbram
899 1973 944 2017 &
970 1975 1124 2019 mollia
1150 1989 1325 2034 captant

126 2055 309 2113 Frigora
332 2053 546 2099 Mefl‘ores
561 2084 576 2108 ‚
601 2054 734 2098 etiam
757 2061 894 2112 quum
916 2054 1018 2098 feffa
1044 2057 1204 2100 diurno

125 2137 329 2181 Membra
344 2136 504 2193 sopore
520 2137 671 2180 levant
688 2152 701 2180 ε
722 2138 842 2180 nudo
859 2136 938 2179 sub
957 2136 1049 2179 sole
1068 2142 1324 2185 recumbunt
1338 2171 1352 2197 ‚

119 2219 220 2262 'Nec
245 2217 350 2261 satis
375 2216 436 2260 est
460 2217 591 2261 radiis
614 2218 718 2261 illos
743 2218 956 2261 solaribus
981 2218 1082 2269 uri;

125 2298 305 2357 Ignibus
330 2296 536 2350 adjiciunt
557 2297 682 2356 ignes
697 2329 713 2352 ‚
737 2298 783 2342 δε
808 2299 946 2342 odora
966 2300 1164 2358 legentes

128 2380 245 2422 Allia
262 2412 275 2431 ‚
301 2379 480 2423 delicias
503 2380 662 2423 inensae
677 2411 691 2433 ‚
722 2378 918 2423 Cerealia
938 2390 1057 2423 tetro

129 2451 319 2507 Munera
345 2459 606 2522 contingunt
629 2459 760 2507 succo
776 2491 791 2517 ,
813 2458 1030 2522 friau'que
1056 2467 1308 2508 venenants·

997 2540 1051 2586 M
1081 2540 1119 2598 ij
