<?xml version="1.0" encoding="UTF-8"?>
<!DOCTYPE html PUBLIC "-//W3C//DTD XHTML 1.0 Transitional//EN"
    "http://www.w3.org/TR/xhtml1/DTD/xhtml1-transitional.dtd">
<html xmlns="http://www.w3.org/1999/xhtml" xml:lang="en" lang="en">
 <head>
  <title>
</title>
<meta http-equiv="Content-Type" content="text/html;charset=utf-8" />
  <meta name='ocr-system' content='tesseract 3.04.00' />
  <meta name='ocr-capabilities' content='ocr_page ocr_carea ocr_par ocr_line ocrx_word'/>
</head>
<body>
  <div class='ocr_page' id='page_1' title='image "./praediumrusticum00vaniuoft_0169.png"; bbox 0 0 1500 2834; ppageno 0'>
   <div class='ocr_carea' id='block_1_1' title="bbox 199 238 1368 624">
    <p class='ocr_par' dir='ltr' id='par_1_1' title="bbox 199 238 1368 624">
     <span class='ocr_line' id='line_1_1' title="bbox 199 238 1368 624; baseline 0 2210"><span class='ocrx_word' id='word_1_1' title='bbox 199 238 1368 624; x_wconf 95' lang='lat' dir='ltr'> </span> 
     </span>
    </p>
   </div>
   <div class='ocr_carea' id='block_1_2' title="bbox 199 689 1340 757">
    <p class='ocr_par' dir='ltr' id='par_1_2' title="bbox 199 689 1340 757">
     <span class='ocr_line' id='line_1_2' title="bbox 199 689 1340 757; baseline -0.002 -17"><span class='ocrx_word' id='word_1_2' title='bbox 199 689 423 740; x_wconf 75' lang='lat' dir='ltr'><em>Arborum</em></span> <span class='ocrx_word' id='word_1_3' title='bbox 440 691 580 740; x_wconf 83' lang='lat' dir='ltr'><em>morbi</em></span> <span class='ocrx_word' id='word_1_4' title='bbox 597 728 614 752; x_wconf 91' lang='lat'><strong>,</strong></span> <span class='ocrx_word' id='word_1_5' title='bbox 637 700 866 757; x_wconf 82' lang='lat' dir='ltr'>eorumque</span> <span class='ocrx_word' id='word_1_6' title='bbox 889 689 1111 754; x_wconf 47' lang='lat' dir='ltr'>causam&amp;</span> <span class='ocrx_word' id='word_1_7' title='bbox 1129 691 1340 738; x_wconf 59' lang='lat' dir='ltr'>remedia:</span> 
     </span>
    </p>
   </div>
   <div class='ocr_carea' id='block_1_3' title="bbox 130 783 1470 2430">
    <p class='ocr_par' dir='ltr' id='par_1_3' title="bbox 130 783 1470 2430">
     <span class='ocr_line' id='line_1_3' title="bbox 151 783 1388 899; baseline -0.002 -17"><span class='ocrx_word' id='word_1_8' title='bbox 151 783 375 886; x_wconf 66' lang='lat' dir='ltr'>Nunc</span> <span class='ocrx_word' id='word_1_9' title='bbox 387 854 466 899; x_wconf 83' lang='lat' dir='ltr'>age</span> <span class='ocrx_word' id='word_1_10' title='bbox 478 842 725 897; x_wconf 83' lang='lat' dir='ltr'>plantarum</span> <span class='ocrx_word' id='word_1_11' title='bbox 741 842 924 886; x_wconf 85' lang='lat' dir='ltr'>morbos</span> <span class='ocrx_word' id='word_1_12' title='bbox 940 851 1168 898; x_wconf 86' lang='lat' dir='ltr'>artemque</span> <span class='ocrx_word' id='word_1_13' title='bbox 1184 834 1388 882; x_wconf 89' lang='lat' dir='ltr'>medendi</span> 
     </span>
     <span class='ocr_line' id='line_1_4' title="bbox 148 921 1265 982; baseline -0.003 -17"><span class='ocrx_word' id='word_1_14' title='bbox 148 921 353 979; x_wconf 76' lang='lat' dir='ltr'>Exequar</span> <span class='ocrx_word' id='word_1_15' title='bbox 368 956 381 974; x_wconf 88' lang='lat'>,</span> <span class='ocrx_word' id='word_1_16' title='bbox 401 923 592 966; x_wconf 88' lang='lat' dir='ltr'>humana</span> <span class='ocrx_word' id='word_1_17' title='bbox 610 935 814 982; x_wconf 88' lang='lat' dir='ltr'>repetens</span> <span class='ocrx_word' id='word_1_18' title='bbox 833 925 887 968; x_wconf 89' lang='lat' dir='ltr'>ab</span> <span class='ocrx_word' id='word_1_19' title='bbox 906 922 1098 981; x_wconf 84' lang='lat' dir='ltr'>imagine</span> <span class='ocrx_word' id='word_1_20' title='bbox 1117 921 1265 964; x_wconf 84' lang='lat' dir='ltr'>causas</span> 
     </span>
     <span class='ocr_line' id='line_1_5' title="bbox 149 991 1317 1063; baseline 0.001 -19"><span class='ocrx_word' id='word_1_21' title='bbox 149 1002 296 1059; x_wconf 76' lang='lat' dir='ltr'>Atque</span> <span class='ocrx_word' id='word_1_22' title='bbox 316 991 423 1046; x_wconf 85' lang='lat' dir='ltr'>mali</span> <span class='ocrx_word' id='word_1_23' title='bbox 445 1005 697 1049; x_wconf 83' lang='lat' dir='ltr'>communis</span> <span class='ocrx_word' id='word_1_24' title='bbox 715 1019 851 1063; x_wconf 89' lang='lat' dir='ltr'>opem</span> <span class='ocrx_word' id='word_1_25' title='bbox 870 1021 883 1049; x_wconf 74' lang='grc' dir='ltr'><strong>ε</strong></span> <span class='ocrx_word' id='word_1_26' title='bbox 905 1004 1166 1049; x_wconf 85' lang='lat' dir='ltr'>mortalibus</span> <span class='ocrx_word' id='word_1_27' title='bbox 1187 1001 1317 1059; x_wconf 80' lang='lat' dir='ltr'>aegris</span> 
     </span>
     <span class='ocr_line' id='line_1_6' title="bbox 148 1083 1282 1142; baseline 0.002 -16"><span class='ocrx_word' id='word_1_28' title='bbox 148 1083 480 1142; x_wconf 80' lang='lat' dir='ltr'>Arboribusque</span> <span class='ocrx_word' id='word_1_29' title='bbox 504 1099 631 1142; x_wconf 86' lang='lat' dir='ltr'>pares</span> <span class='ocrx_word' id='word_1_30' title='bbox 656 1086 742 1129; x_wconf 82' lang='lat' dir='ltr'>fert</span> <span class='ocrx_word' id='word_1_31' title='bbox 763 1085 864 1129; x_wconf 78' lang='lat' dir='ltr'>vita</span> <span class='ocrx_word' id='word_1_32' title='bbox 891 1084 1113 1128; x_wconf 85' lang='lat' dir='ltr'>fimillima</span> <span class='ocrx_word' id='word_1_33' title='bbox 1141 1084 1282 1128; x_wconf 85' lang='lat' dir='ltr'>casus.</span> 
     </span>
     <span class='ocr_line' id='line_1_7' title="bbox 209 1164 1329 1222; baseline -0.002 -15"><span class='ocrx_word' id='word_1_34' title='bbox 209 1165 318 1208; x_wconf 82' lang='lat' dir='ltr'>Non</span> <span class='ocrx_word' id='word_1_35' title='bbox 335 1164 479 1222; x_wconf 87' lang='lat' dir='ltr'>dispar</span> <span class='ocrx_word' id='word_1_36' title='bbox 501 1165 698 1222; x_wconf 86' lang='lat' dir='ltr'>utrisque</span> <span class='ocrx_word' id='word_1_37' title='bbox 721 1165 897 1209; x_wconf 81' lang='lat' dir='ltr'>habitus</span> <span class='ocrx_word' id='word_1_38' title='bbox 917 1180 930 1208; x_wconf 75' lang='grc' dir='ltr'>ε</span> <span class='ocrx_word' id='word_1_39' title='bbox 957 1164 1175 1209; x_wconf 81' lang='lat' dir='ltr'>radicibus</span> <span class='ocrx_word' id='word_1_40' title='bbox 1200 1165 1329 1206; x_wconf 78' lang='lat' dir='ltr'>arbor</span> 
     </span>
     <span class='ocr_line' id='line_1_8' title="bbox 147 1243 1331 1303; baseline 0 -16"><span class='ocrx_word' id='word_1_41' title='bbox 147 1243 309 1287; x_wconf 87' lang='lat' dir='ltr'>Infistit</span> <span class='ocrx_word' id='word_1_42' title='bbox 331 1245 475 1289; x_wconf 86' lang='lat' dir='ltr'>veluti</span> <span class='ocrx_word' id='word_1_43' title='bbox 501 1245 682 1303; x_wconf 88' lang='lat' dir='ltr'>pedibus</span> <span class='ocrx_word' id='word_1_44' title='bbox 708 1261 723 1295; x_wconf 89' lang='lat'>;</span> <span class='ocrx_word' id='word_1_45' title='bbox 750 1259 834 1302; x_wconf 88' lang='lat' dir='ltr'>pro</span> <span class='ocrx_word' id='word_1_46' title='bbox 862 1259 1052 1302; x_wconf 83' lang='lat' dir='ltr'>corpore</span> <span class='ocrx_word' id='word_1_47' title='bbox 1081 1258 1263 1289; x_wconf 85' lang='lat' dir='ltr'>truncus</span> <span class='ocrx_word' id='word_1_48' title='bbox 1328 1280 1331 1286; x_wconf 85' lang='grc'><strong><em>,</em></strong></span> 
     </span>
     <span class='ocr_line' id='line_1_9' title="bbox 149 1311 1327 1384; baseline 0.006 -17"><span class='ocrx_word' id='word_1_49' title='bbox 149 1324 327 1368; x_wconf 84' lang='lat' dir='ltr'>Eminet</span> <span class='ocrx_word' id='word_1_50' title='bbox 342 1357 357 1379; x_wconf 88' lang='lat'>,</span> <span class='ocrx_word' id='word_1_51' title='bbox 382 1326 428 1369; x_wconf 87' lang='lat'>&amp;</span> <span class='ocrx_word' id='word_1_52' title='bbox 453 1327 616 1384; x_wconf 83' lang='lat' dir='ltr'>longos</span> <span class='ocrx_word' id='word_1_53' title='bbox 642 1325 786 1370; x_wconf 86' lang='lat' dir='ltr'>fundit</span> <span class='ocrx_word' id='word_1_54' title='bbox 811 1326 931 1384; x_wconf 76' lang='lat' dir='ltr'>quasi</span> <span class='ocrx_word' id='word_1_55' title='bbox 958 1311 1134 1370; x_wconf 88' lang='lat' dir='ltr'>brachia</span> <span class='ocrx_word' id='word_1_56' title='bbox 1160 1341 1327 1374; x_wconf 73' lang='lat' dir='ltr'>ramos·</span> 
     </span>
     <span class='ocr_line' id='line_1_10' title="bbox 148 1405 1220 1469; baseline 0.003 -20"><span class='ocrx_word' id='word_1_57' title='bbox 148 1405 366 1450; x_wconf 82' lang='lat' dir='ltr'>Arboreas</span> <span class='ocrx_word' id='word_1_58' title='bbox 394 1417 521 1450; x_wconf 83' lang='lat' dir='ltr'>terrae</span> <span class='ocrx_word' id='word_1_59' title='bbox 547 1406 701 1451; x_wconf 85' lang='lat' dir='ltr'>succus</span> <span class='ocrx_word' id='word_1_60' title='bbox 728 1420 813 1464; x_wconf 88' lang='lat' dir='ltr'>pro</span> <span class='ocrx_word' id='word_1_61' title='bbox 841 1406 1054 1469; x_wconf 88' lang='lat' dir='ltr'>sanguine</span> <span class='ocrx_word' id='word_1_62' title='bbox 1083 1422 1220 1453; x_wconf 85' lang='lat' dir='ltr'>venas</span> 
     </span>
     <span class='ocr_line' id='line_1_11' title="bbox 146 1485 1388 1545; baseline 0.005 -17"><span class='ocrx_word' id='word_1_63' title='bbox 146 1485 303 1545; x_wconf 79' lang='lat' dir='ltr'>Irrigat</span> <span class='ocrx_word' id='word_1_64' title='bbox 328 1501 343 1537; x_wconf 89' lang='lat'>;</span> <span class='ocrx_word' id='word_1_65' title='bbox 369 1487 414 1531; x_wconf 73' lang='grc' dir='ltr'>δε</span> <span class='ocrx_word' id='word_1_66' title='bbox 441 1487 619 1532; x_wconf 87' lang='lat' dir='ltr'>frondes</span> <span class='ocrx_word' id='word_1_67' title='bbox 637 1520 651 1541; x_wconf 89' lang='lat'>‚</span> <span class='ocrx_word' id='word_1_68' title='bbox 671 1487 780 1533; x_wconf 84' lang='lat' dir='ltr'>vitae</span> <span class='ocrx_word' id='word_1_69' title='bbox 803 1489 906 1534; x_wconf 85' lang='lat' dir='ltr'>fons</span> <span class='ocrx_word' id='word_1_70' title='bbox 923 1521 938 1543; x_wconf 84' lang='lat'>,</span> <span class='ocrx_word' id='word_1_71' title='bbox 962 1502 1111 1534; x_wconf 83' lang='lat' dir='ltr'>manat</span> <span class='ocrx_word' id='word_1_72' title='bbox 1135 1491 1185 1534; x_wconf 90' lang='lat' dir='ltr'>in</span> <span class='ocrx_word' id='word_1_73' title='bbox 1210 1499 1388 1535; x_wconf 66' lang='lat' dir='ltr'>omnes.&#39;</span> 
     </span>
     <span class='ocr_line' id='line_1_12' title="bbox 204 1566 1470 1630; baseline 0.006 -20"><span class='ocrx_word' id='word_1_74' title='bbox 204 1566 428 1625; x_wconf 81' lang='lat' dir='ltr'>Spemque</span> <span class='ocrx_word' id='word_1_75' title='bbox 443 1580 699 1627; x_wconf 87' lang='lat' dir='ltr'>metumque</span> <span class='ocrx_word' id='word_1_76' title='bbox 715 1569 822 1615; x_wconf 84' lang='lat' dir='ltr'>facit</span> <span class='ocrx_word' id='word_1_77' title='bbox 835 1573 1081 1630; x_wconf 84' lang='lat' dir='ltr'>plantarum</span> <span class='ocrx_word' id='word_1_78' title='bbox 1098 1572 1281 1621; x_wconf 82' lang='lat' dir='ltr'>infantia</span> <span class='ocrx_word' id='word_1_79' title='bbox 1294 1606 1305 1627; x_wconf 87' lang='lat'>,</span> <span class='ocrx_word' id='word_1_80' title='bbox 1323 1573 1470 1629; x_wconf 82' lang='lat' dir='ltr'>primo</span> 
     </span>
     <span class='ocr_line' id='line_1_13' title="bbox 147 1645 1232 1708; baseline 0.011 -20"><span class='ocrx_word' id='word_1_81' title='bbox 147 1645 398 1690; x_wconf 81' lang='lat' dir='ltr'>Luxurians</span> <span class='ocrx_word' id='word_1_82' title='bbox 429 1648 475 1691; x_wconf 77' lang='grc' dir='ltr'>ὅτ.</span> <span class='ocrx_word' id='word_1_83' title='bbox 500 1648 613 1693; x_wconf 87' lang='lat' dir='ltr'>flore</span> <span class='ocrx_word' id='word_1_84' title='bbox 642 1648 789 1695; x_wconf 86' lang='lat' dir='ltr'>nitens</span> <span class='ocrx_word' id='word_1_85' title='bbox 813 1650 1074 1707; x_wconf 81' lang='lat' dir='ltr'>juveniliter</span> <span class='ocrx_word' id='word_1_86' title='bbox 1100 1669 1200 1699; x_wconf 81' lang='lat' dir='ltr'>aevo</span> <span class='ocrx_word' id='word_1_87' title='bbox 1218 1687 1232 1708; x_wconf 86' lang='lat'>‚</span> 
     </span>
     <span class='ocr_line' id='line_1_14' title="bbox 148 1726 1382 1793; baseline 0.009 -24"><span class='ocrx_word' id='word_1_88' title='bbox 148 1727 234 1770; x_wconf 88' lang='lat' dir='ltr'>Sed</span> <span class='ocrx_word' id='word_1_89' title='bbox 255 1727 343 1770; x_wconf 79' lang='lat' dir='ltr'>vix</span> <span class='ocrx_word' id='word_1_90' title='bbox 369 1726 477 1772; x_wconf 84' lang='lat' dir='ltr'>stare</span> <span class='ocrx_word' id='word_1_91' title='bbox 506 1741 668 1785; x_wconf 84' lang='lat' dir='ltr'>potens</span> <span class='ocrx_word' id='word_1_92' title='bbox 695 1731 944 1790; x_wconf 85' lang='lat' dir='ltr'>crebrisque</span> <span class='ocrx_word' id='word_1_93' title='bbox 971 1735 1132 1793; x_wconf 83' lang='lat' dir='ltr'>agitata</span> <span class='ocrx_word' id='word_1_94' title='bbox 1157 1737 1382 1792; x_wconf 85' lang='lat' dir='ltr'>procellis.</span> 
     </span>
     <span class='ocr_line' id='line_1_15' title="bbox 207 1806 1381 1872; baseline 0.01 -22"><span class='ocrx_word' id='word_1_95' title='bbox 207 1806 460 1852; x_wconf 67' lang='lat' dir='ltr'>Laaentem</span> <span class='ocrx_word' id='word_1_96' title='bbox 477 1823 743 1869; x_wconf 84' lang='lat' dir='ltr'>quamquam</span> <span class='ocrx_word' id='word_1_97' title='bbox 761 1813 925 1859; x_wconf 85' lang='lat' dir='ltr'>teneris</span> <span class='ocrx_word' id='word_1_98' title='bbox 942 1816 1155 1861; x_wconf 87' lang='lat' dir='ltr'>informet</span> <span class='ocrx_word' id='word_1_99' title='bbox 1170 1820 1222 1862; x_wconf 88' lang='lat' dir='ltr'>ab</span> <span class='ocrx_word' id='word_1_100' title='bbox 1238 1819 1381 1872; x_wconf 81' lang='lat' dir='ltr'>annis,</span> 
     </span>
     <span class='ocr_line' id='line_1_16' title="bbox 145 1887 1351 1955; baseline 0.012 -25"><span class='ocrx_word' id='word_1_101' title='bbox 145 1887 286 1931; x_wconf 81' lang='lat' dir='ltr'>AEtati</span> <span class='ocrx_word' id='word_1_102' title='bbox 312 1900 462 1934; x_wconf 85' lang='lat' dir='ltr'>tamen</span> <span class='ocrx_word' id='word_1_103' title='bbox 483 1890 681 1952; x_wconf 84' lang='lat' dir='ltr'>indulget</span> <span class='ocrx_word' id='word_1_104' title='bbox 704 1910 720 1946; x_wconf 65' lang='grc' dir='ltr'>ς</span> <span class='ocrx_word' id='word_1_105' title='bbox 749 1896 985 1955; x_wconf 83' lang='lat' dir='ltr'>ramosque</span> <span class='ocrx_word' id='word_1_106' title='bbox 1009 1901 1197 1943; x_wconf 91' lang='lat' dir='ltr'>colonus</span> <span class='ocrx_word' id='word_1_107' title='bbox 1349 1901 1351 1903; x_wconf 70' lang='grc'><strong><em>’</em></strong></span> 
     </span>
     <span class='ocr_line' id='line_1_17' title="bbox 144 1969 1296 2035; baseline 0.013 -25"><span class='ocrx_word' id='word_1_108' title='bbox 144 1970 252 2012; x_wconf 88' lang='lat' dir='ltr'>Non</span> <span class='ocrx_word' id='word_1_109' title='bbox 279 1969 478 2028; x_wconf 82' lang='lat' dir='ltr'>reprimit</span> <span class='ocrx_word' id='word_1_110' title='bbox 493 2003 507 2026; x_wconf 82' lang='lat'>,</span> <span class='ocrx_word' id='word_1_111' title='bbox 532 1973 674 2018; x_wconf 90' lang='lat' dir='ltr'>donec</span> <span class='ocrx_word' id='word_1_112' title='bbox 698 1974 866 2034; x_wconf 81' lang='lat' dir='ltr'>rigidos</span> <span class='ocrx_word' id='word_1_113' title='bbox 891 1976 1124 2035; x_wconf 85' lang='lat' dir='ltr'>imponere</span> <span class='ocrx_word' id='word_1_114' title='bbox 1148 1994 1296 2024; x_wconf 84' lang='lat' dir='ltr'>mores</span> 
     </span>
     <span class='ocr_line' id='line_1_18' title="bbox 143 2051 1284 2113; baseline 0.011 -21"><span class='ocrx_word' id='word_1_115' title='bbox 143 2051 199 2093; x_wconf 90' lang='lat' dir='ltr'>Et</span> <span class='ocrx_word' id='word_1_116' title='bbox 224 2052 381 2095; x_wconf 81' lang='lat' dir='ltr'>luxum</span> <span class='ocrx_word' id='word_1_117' title='bbox 405 2052 569 2097; x_wconf 65' lang='lat' dir='ltr'>austera</span> <span class='ocrx_word' id='word_1_118' title='bbox 593 2057 876 2113; x_wconf 85' lang='lat' dir='ltr'>compescere</span> <span class='ocrx_word' id='word_1_119' title='bbox 899 2058 1010 2102; x_wconf 87' lang='lat' dir='ltr'>falce</span> <span class='ocrx_word' id='word_1_120' title='bbox 1040 2063 1284 2104; x_wconf 84' lang='lat' dir='ltr'>monebunt</span> 
     </span>
     <span class='ocr_line' id='line_1_19' title="bbox 142 2131 1256 2195; baseline 0.013 -21"><span class='ocrx_word' id='word_1_121' title='bbox 142 2131 343 2193; x_wconf 78' lang='lat' dir='ltr'>Impetus</span> <span class='ocrx_word' id='word_1_122' title='bbox 359 2164 375 2186; x_wconf 80' lang='lat'>,</span> <span class='ocrx_word' id='word_1_123' title='bbox 399 2132 445 2177; x_wconf 75' lang='grc' dir='ltr'>δι</span> <span class='ocrx_word' id='word_1_124' title='bbox 467 2134 611 2179; x_wconf 70' lang='grc' dir='ltr'>τηιιιεί</span> <span class='ocrx_word' id='word_1_125' title='bbox 635 2135 769 2195; x_wconf 84' lang='lat' dir='ltr'>vigor</span> <span class='ocrx_word' id='word_1_126' title='bbox 793 2137 1070 2184; x_wconf 84' lang='lat' dir='ltr'>inconsultus</span> <span class='ocrx_word' id='word_1_127' title='bbox 1100 2141 1256 2188; x_wconf 90' lang='lat' dir='ltr'>adulti.</span> 
     </span>
     <span class='ocr_line' id='line_1_20' title="bbox 130 2211 1134 2276; baseline 0.011 -22"><span class='ocrx_word' id='word_1_128' title='bbox 130 2211 319 2256; x_wconf 26' lang='lat' dir='ltr'>&#39;Arctior</span> <span class='ocrx_word' id='word_1_129' title='bbox 342 2211 533 2258; x_wconf 80' lang='lat' dir='ltr'>effrenos</span> <span class='ocrx_word' id='word_1_130' title='bbox 557 2226 655 2261; x_wconf 87' lang='lat' dir='ltr'>tum</span> <span class='ocrx_word' id='word_1_131' title='bbox 680 2215 910 2274; x_wconf 79' lang='lat' dir='ltr'>disciplina</span> <span class='ocrx_word' id='word_1_132' title='bbox 933 2220 1134 2276; x_wconf 62' lang='lat' dir='ltr'>cofircet,</span> 
     </span>
     <span class='ocr_line' id='line_1_21' title="bbox 137 2293 1295 2362; baseline 0.011 -26"><span class='ocrx_word' id='word_1_133' title='bbox 137 2293 469 2353; x_wconf 80' lang='lat' dir='ltr'>Imperiumque</span> <span class='ocrx_word' id='word_1_134' title='bbox 491 2295 586 2352; x_wconf 84' lang='lat' dir='ltr'>pati</span> <span class='ocrx_word' id='word_1_135' title='bbox 602 2310 750 2342; x_wconf 85' lang='lat' dir='ltr'>ramos</span> <span class='ocrx_word' id='word_1_136' title='bbox 774 2296 896 2352; x_wconf 84' lang='lat' dir='ltr'>iubet</span> <span class='ocrx_word' id='word_1_137' title='bbox 911 2332 926 2353; x_wconf 88' lang='lat'>,</span> <span class='ocrx_word' id='word_1_138' title='bbox 953 2312 1087 2359; x_wconf 87' lang='lat' dir='ltr'>atque</span> <span class='ocrx_word' id='word_1_139' title='bbox 1109 2301 1295 2362; x_wconf 86' lang='lat' dir='ltr'>figuram</span> 
     </span>
     <span class='ocr_line' id='line_1_22' title="bbox 138 2374 1319 2430; baseline 0.011 -13"><span class='ocrx_word' id='word_1_140' title='bbox 138 2374 326 2419; x_wconf 87' lang='lat' dir='ltr'>Induere</span> <span class='ocrx_word' id='word_1_141' title='bbox 340 2407 354 2429; x_wconf 88' lang='lat'><strong>‚</strong></span> <span class='ocrx_word' id='word_1_142' title='bbox 376 2375 421 2419; x_wconf 83' lang='lat'>&amp;</span> <span class='ocrx_word' id='word_1_143' title='bbox 436 2388 623 2423; x_wconf 83' lang='lat' dir='ltr'>curvum</span> <span class='ocrx_word' id='word_1_144' title='bbox 634 2379 711 2423; x_wconf 84' lang='lat' dir='ltr'>vel</span> <span class='ocrx_word' id='word_1_145' title='bbox 729 2378 780 2423; x_wconf 89' lang='lat' dir='ltr'>in</span> <span class='ocrx_word' id='word_1_146' title='bbox 798 2380 952 2425; x_wconf 89' lang='lat' dir='ltr'>orbem</span> <span class='ocrx_word' id='word_1_147' title='bbox 969 2383 1163 2428; x_wconf 86' lang='lat' dir='ltr'>crescere</span> <span class='ocrx_word' id='word_1_148' title='bbox 1182 2386 1319 2430; x_wconf 83' lang='lat' dir='ltr'>tonfis</span> 
     </span>
    </p>
   </div>
   <div class='ocr_carea' id='block_1_4' title="bbox 138 2455 1368 2573">
    <p class='ocr_par' dir='ltr' id='par_1_4' title="bbox 138 2455 1368 2573">
     <span class='ocr_line' id='line_1_23' title="bbox 138 2455 1368 2573; baseline 0.013 -75"><span class='ocrx_word' id='word_1_149' title='bbox 138 2455 382 2507; x_wconf 72' lang='lat' dir='ltr'>frondibus</span> <span class='ocrx_word' id='word_1_150' title='bbox 394 2489 410 2514; x_wconf 88' lang='lat'><strong>,</strong></span> <span class='ocrx_word' id='word_1_151' title='bbox 431 2469 506 2506; x_wconf 83' lang='lat' dir='ltr'>aut</span> <span class='ocrx_word' id='word_1_152' title='bbox 520 2457 713 2511; x_wconf 77' lang='lat' dir='ltr'>viridem</span> <span class='ocrx_word' id='word_1_153' title='bbox 728 2461 870 2511; x_wconf 76' lang='lat' dir='ltr'>muris</span> <span class='ocrx_word' id='word_1_154' title='bbox 887 2467 1160 2573; x_wconf 60' lang='grc' dir='ltr'>Ρτπεετιᾱῖξε</span> <span class='ocrx_word' id='word_1_155' title='bbox 1177 2468 1368 2514; x_wconf 76' lang='lat' dir='ltr'>scenam.</span> 
     </span>
    </p>
   </div>
  </div>
 </body>
</html>
