1500 2886
173 301 285 341 110
407 282 740 336 PRAEDII
785 277 1177 340 RUSrtct‘

160 386 338 429 Interea
361 380 496 440 vigili
518 383 679 425 latratu
703 380 878 423 nuntiet
897 413 909 433 ,
938 392 1043 424 aetas

162 466 287 507 Dum
306 462 477 508 robusta
495 462 605 506 finat
624 461 775 506 morsu
793 461 1066 518 prosternere
1083 460 1248 506 ἔνι-επις

225 545 320 601 Qui
346 544 499 603 pecori
527 544 648 589 canis
675 543 855 601 eligitur
870 543 1082 588 ,defensor
1106 543 1252 588 ovillo
1275 574 1291 598 .

163 627 323 670 Acrior
350 627 395 670 &
418 625 544 684 longi
571 611 624 669 sit
653 621 855 682 corporis
874 656 887 677 ,
915 636 1048 682 atque
1073 624 1241 668 coloris

165 707 310 752 Unius
335 707 606 766 albentisque
634 723 646 751 ε
670 708 827 764 lupum
856 718 913 749 ne
938 700 1123 763 vespere
1149 703 1300 749 Pastor

165 786 291 831 Fuste
309 788 494 845 sequens
513 820 526 842 ,
544 786 679 831 dubio
695 786 891 844 praeceps
908 783 1057 830 errore
1074 819 1087 839 ,
1107 785 1346 831 molofl'um

165 870 370 925 Impetat.
394 869 463 913 Ad
480 869 654 914 cursum
672 867 839 926 pariter
858 864 1090 926 rixamque
1109 876 1285 929 paratus

167 949 236 992 Sit
254 949 437 1006 pedibus
455 951 596 994 velox
616 982 629 1003 ‚
654 948 898 1007 animisque
916 947 1164 1014 valentibus
1186 949 1358 993 audax:

166 1031 497 1088 Raptoremque
516 1031 671 1088 lupum
694 1029 797 1087 juga
816 1042 895 1086 per
914 1024 1149 1072 nemorosa
1167 1029 1339 1072 secutus
1361 1061 1376 1083 ,

165 1111 372 1155 Excutiat
389 1113 614 1169 praedam3
649 1109 947 1155 &laceratum
966 1111 1151 1156 vulnere
1170 1113 1314 1154 multo

167 1195 327 1237 Furem
347 1194 491 1252 abigat
509 1226 522 1247 ,
547 1194 678 1237 saltus
699 1194 943 1237 ululantem
963 1191 1082 1235 triste
1099 1205 1180 1248 per
1198 1194 1312 1235 altos
1331 1207 1347 1243 ·,

131 1254 145 1272 ⁸
166 1275 313 1331 Atque
338 1275 431 1318 acie
457 1276 603 1318 redeat
627 1288 683 1318 ne
709 1256 877 1318 saucius
895 1306 909 1327 ,
941 1273 1114 1331 lfispida
1139 1274 1258 1317 ferro

168 1356 298 1399 Colla
316 1366 436 1414 gerat
456 1388 470 1408 ,
508 1354 595 1413 qua
614 1356 740 1412 parte·
757 1351 886 1398 canes
906 1356 1136 1412 apprendit
1155 1354 1346 1399 inermes

166 1435 474 1493 Interimitque
498 1437 643 1492 lupus.
671 1438 801 1478 Caeco
827 1434 896 1478 fur
922 1435 1087 1491 impete
1114 1434 1254 1478 fertur
1270 1468 1285 1489 ,

170 1515 442 1574 Pastorisque
467 1517 596 1559 dolos
623 1516 668 1559 &
692 1527 898 1572 torquem
925 1515 1087 1558 oblitus
1114 1517 1330 1559 aduncum

167 1597 362 1642 Laeditur
378 1630 391 1650 ‚
417 1609 548 1655 atque
574 1598 654 1640 su'o
681 1597 829 1640 fauces
854 1596 944 1652 jam
969 1596 1177 1654 sanguine
1204 1597 1357 1655 tingit.
1428 1645 1435 1648 Α

229 1679 472 1737 Lanigeros
493 1690 774 1736 quocumque
804 1691 957 1736 greges
977 1676 1198 1734 hirtasque
1216 1680 1406 1735 capellas

166 1758 317 1805 Pastor
341 1759 433 1817 agit
450 1792 462 1812 ,
491 1758 618 1801 lateri
646 1771 796 1801 comes
823 1756 868 1799 ὅ(
892 1757 1093 1801 defensor
1117 1757 1263 1802 amico

169 1840 323 1897 Usque
346 1837 558 1883 moloffus
578 1838 691 1882 adest
708 1871 721 1892 ,
744 1838 787 1881 δε
802 1838 910 1881 hero
926 1839 1160 1881 famulatur
1176 1871 1190 1891 ,
1210 1839 1406 1897 ovesque

171 1920 415 1965 Communi
441 1919 554 1978 regit
579 1919 771 1977 imperio
789 1952 802 1973 ,
834 1919 1057 1963 blanditur
1072 1952 1086 1972 ,
1112 1930 1316 1977 amatque
1394 1971 1401 1981 α

169 2001 410 2046 Blanditias
434 1999 656 2053 Domini,
682 2000 756 2043 sua
782 1999 937 2058 gaudia
960 1999 1081 2042 ducit
1104 2001 1156 2042 ab
1183 2001 1263 2043 illo

170 2082 498 2139 Tristitiamque
522 2097 535 2126 ε
557 2079 648 2124 viri
667 2093 761 2123 non
777 2068 838 2123 est
855 2079 928 2124 vir
947 2079 1167 2122 amantior
1185 2082 1294 2123 alter
1311 2097 1330 2132 5

169 2164 227 2207 Et
251 2162 493 2206 desertores
518 2159 666 2204 fraCHS
694 2163 792 2218 quae
817 2161 945 2203 rebus
971 2158 1142 2204 amicos

172 2245 279 2288 Sors
305 2242 483 2286 adversa
505 2242 628 2300 fugat
644 2273 658 2294 ,
687 2239 820 2284 nullis
845 2240 1084 2284 terroribus
1109 2241 1250 2285 aufert

173 2327 322 2382 Quem
340 2321 543 2367 Domino
564 2319 683 2366 canis
703 2319 913 2365 aetern'um
934 2321 1120 2366 devovit
1137 2325 1351 2369 amorem.

234 2403 471 2461 Obstupuit
497 2402 718 2461 quondam
742 2402 899 2446 detrufi
923 2401 972 2445 in
995 2402 1143 2446 vincla
1165 2403 1315 2450 sabini

174 2487 320 2533 Roma
345 2497 500 2532 canem·
515 2515 528 2540 ,
557 2479 691 2530 nullis
714 2478 832 2545 alfigi
855 2480 908 2530 d'e
932 2479 1102 2531 career‘e
1126 2482 1268 2542 plagis
