1500 2886
154 271 266 332 ‘108
395 272 732 329 PRAEDII
773 270 1175 328 Rvsrlct‘

148 373 203 416 Et
227 373 343 416 fures
363 405 378 426 ‚
405 373 438 416 fi
464 372 541 430 qui
565 372 708 430 plenis
735 370 1127 432 subreperercaulis

147 454 400 497 Tentabunt
417 487 430 508 ,
455 456 530 498 vel
553 468 668 498 voce
692 453 813 511 fugat
828 486 841 506 ,
869 455 943 496 vel
971 453 1100 495 dente
1124 449 1285 494 Iaceffit
1303 466 1319 495 t

149 533 250 576 Olli
269 535 402 577 cauda
419 534 566 578 brevis
583 566 596 586 ‚
621 535 756 578 breve
776 533 960 587 rostrum
978 565 991 585 ‚
1018 544 1147 589 turpe
1164 533 1240 575 vel
1258 529 1361 588 ipsa¹

149 614 278 657 Mole
298 626 430 671 caput
444 646 456 667 ‚
487 614 674 658 demifl'ae
692 629 817 658 aures
835 647 847 666 ‚
873 614 1124 671 hirsutaque
1142 612 1267 657 villis

149 693 332 744 ,Pectora
345 727 357 746 ,
373 708 450 750 pes
464 726 477 748 ,
491 695 689 747 humeri,
708 697 874 738 collum
886 727 898 747 ‚
918 696 1032 738 latus
1045 727 1057 746 ‚
1072 693 1222 737 omnia
1237 691 1354 737 vasta
1367 706 1385 743 3

151 774 276 829 Quin
295 775 427 818 etiam
447 775 572 819 vasto
599 777 754 832 procul
779 775 953 818 intonat
979 789 1057 819 ore
1077 772 1289 818 moloss‘us
1309 805 1325 828 ,
1439 759 1442 761 Δ

150 855 416 912 Latratuque
442 855 563 912 prius
581 887 594 909 ‚
625 868 721 900 tum
745 855 846 899 visu
871 866 1005 899 terret
1022 889 1035 909 ‚
1064 856 1113 899 in
1140 856 1229 899 ima

151 936 295 993 Terga
314 936 465 980 sedens
487 969 502 992 ‚
530 938 682 980 dentes
702 936 814 980 rictu
834 937 866 980 fi
886 938 1062 994 quando
1081 921 1290 997 frementi

151 1017 300 1059 Nudat
316 1017 441 1061 hians
460 1050 473 1071 ‚
498 1019 733 1075 clausoque
752 1019 894 1062 minas
914 1003 1214 1062 ob’murmurat
1234 1030 1330 1059 ore·

214 1098 309 1140 Dat
322 1099 486 1140 Natura
501 1098 676 1155 quidem
690 1131 702 1151 ‚
713 1110 864 1142 tamen
879 1097 1039 1141 arffior
1050 1098 1134 1140 hos
1150 1109 1326 1155 quoque
1342 1087 1479 1145 mord
1498 1117 1500 1162 }

155 1176 403 1233 Disciplina
427 1177 562 1227 facit·‚
587 1177 764 1221 vin-stus
788 1178 820 1220 fi
845 1179 960 1221 colla
983 1176 1150 1220 catenis

156 1259 272 1302 Ante
298 1259 414 1302 fores
438 1257 549 1313 iacet
567 1291 580 1310 ‚
608 1259 651 1301 &
677 1260 838 1302 latratu
863 1257 990 1301 saevit
1014 1256 1172 1310 inani,

157 1341 376 1396 Supremo
402 1341 504 1382 dum
530 1339 623 1382 sole
649 1339 809 1382 domos
837 1339 881 1381 &
906 1337 1046 1381 ovilia
1069 1338 1185 1381 liber

158 1421 414 1464 Circumeat
433 1452 445 1471 ‚
470 1420 644 1476 lateque
669 1430 836 1462 metum
855 1431 955 1462 cum
976 1432 1091 1461 voce
1111 1418 1363 1475 profundat.

158 1499 393 1559 Ingenium
420 1510 568 1542 tamen
593 1497 678 1541 effe
704 1499 827 1542 decet
854 1511 934 1541 nec
953 1498 1107 1541 mitius
1126 1529 1138 1551 ,
1167 1498 1272 1554 ipfis
1350 1491 1356 1498 ’

159 1580 344 1625 Furibus
361 1591 411 1622 ut
427 1589 601 1635 parcan
614 1592 758 1636 neque
775 1578 940 1622 saevum
954 1610 965 1631 ‚
977 1591 1027 1622 ut
1042 1579 1256 1623 morfibus
1273 1581 1396 1624 ultro

159 1663 353 1718 Appetat
371 1660 572 1702 incautos
590 1691 601 1712 ‚
626 1659 668 1702 &
689 1659 877 1702 amicum
897 1658 1075 1702 invadat
1095 1659 1139 1702 δι
1156 1658 1342 1703 hostem.

222 1742 386 1785 Blanda
404 1754 546 1783 venus
566 1738 742 1782 canibus
763 1752 855 1782 non
873 1737 1164 1795 permittenda
1182 1739 1356 1783 tenellis
1377 1752 1396 1791 3

161 1822 432 1877 Pulchraque
456 1818 626 1862 furtivo
654 1818 687 1860 fi
711 1818 896 1861 foemina
921 1819 1044 1862 cedat
1067 1818 1210 1862 amori
1227 1851 1242 1872 ‚

1438 1934 1450 1983 »τ
1430 1683 1453 1901 ‘mnne-mox&
1448 1517 1453 1526 ,

162 1902 371 1945 Materno
398 1899 567 1956 primos
595 1900 707 1941 clam
734 1898 881 1941 Pastor
905 1899 958 1942 ab
985 1899 1118 1942 ubere
1145 1910 1295 1955 partus

162 1985 388 2026 Amoveat
411 1996 423 2024 ε
454 1993 595 2035 neque
622 1977 740 2021 enim
769 1978 885 2021 redte
914 1978 1133 2038 tiruncula
1161 1980 1336 2035 prolem
1431 1984 1452 2042 ἐζ

163 2064 326 2107 Educat
343 2095 356 2115 ‚
385 2062 429 2104 &
458 2059 614 2116 primis
641 2059 783 2102 infans
810 2058 885 2101 ubi
910 2071 1049 2102 mater
1072 2061 1124 2102 ab
1153 2059 1280 2104 annis

163 2143 368 2188 Lafiavit
389 2174 401 2195 ‚
432 2140 577 2184 vastos
604 2139 692 2195 jam
717 2153 810 2182 non
834 2138 1045 2182 excrescit
1074 2139 1122 2182 in
1147 2151 1283 2185 artus.

227 2221 419 2266 Amifl‘os
444 2219 648 2278 quamvis
672 2230 839 2275 repetat
865 2219 1130 2275 queribunda
1154 2221 1369 2274 catellosj

165 2303 243 2347 Nil
263 2303 467 2346 miserere
491 2317 504 2345 t
532 2302 688 2345 breves
709 2299 828 2356 capit
846 2311 950 2342 aetas
974 2301 1050 2343 illa
1067 2302 1244 2344 dolores
1264 2333 1278 2354 ‚

166 2383 265 2426 Nec
292 2384 473 2440 longum
496 2380 699 2424 meminit
725 2393 874 2436 raptos
902 2395 958 2423 ex
978 2382 1109 2424 ubere
1136 2381 1248 2424 fetus
1265 2412 1280 2434 ,

171 2465 295 2508 Dum
312 2463 443 2510 liceat
461 2462 541 2509 fibi
560 2475 661 2508 cum
677 2445 857 2522 paribus
875 2462 1095 2508 colludere
1114 2492 1128 2516 ,
1152 2459 1299 2506 cursus
