1500 2886
149 219 256 258 122
356 198 731 254 PRAEDII
773 198 1194 256 Rvsrtct

137 302 343 344 Membra
360 332 372 353 ‚
397 314 481 343 nec
505 298 681 343 aestivos
706 313 928 342 ramorum
956 299 1120 357 frigore
1148 301 1262 344 soles

138 383 354 438 Frangere
376 412 389 433 ‚
413 394 494 423 nec
523 379 647 423 taciti
671 393 750 437 per
775 379 914 423 amica
940 379 1108 424 filentia
1136 381 1256 434 luci,

138 461 413 505 Multisonos
439 461 591 505 avium
620 474 858 506 concentus
888 462 1004 505 inter
1020 494 1033 514 ‚
1057 464 1111 506 ad
1134 474 1262 519 aptos

142 543 312 599 Sponte
338 541 412 584 sua
435 542 622 586 veniens
649 558 856 587 numeros
874 577 886 597 ‚
907 557 1146 588 contexere
1171 557 1363 588 carmen.

203 623 350 677 Quare
371 637 450 680 age
473 623 516 666 &
535 626 775 668 extendens
796 613 985 668 ventura
1003 625 1050 668 in
1068 626 1212 669 secula
1230 639 1354 669 curas
1367 656 1383 678 ‚

141 705 369 749 Silvestres
395 704 531 748 serito
558 719 742 762 quercus
769 722 780 750 ε
813 706 844 748 fi
870 706 1057 762 pronior
1081 719 1186 749 aetas

139 787 196 830 In
223 785 391 830 senium
418 799 572 846 vergat
598 803 612 837 3
640 802 721 831 nec
747 786 834 839 iam
861 788 942 831 tibi
970 788 1064 831 vita
1090 788 1272 845 superfit

143 868 323 922 Quanta
341 868 404 911 sat
427 868 488 912 est
505 901 516 920 ‚
541 868 710 912 blandis
736 870 963 913 tenebrosa
992 869 1217 914 receffibus
1245 868 1356 912 olim

144 951 208 993 Ut
233 964 414 994 nemora
440 950 620 1007 aspicias
650 966 664 1000 3
690 951 868 994 frutices
894 951 1100 1008 gaudebis
1126 952 1279 1008 opacis

144 1032 352 1074 Exultare
379 1032 519 1074 comis
538 1063 549 1083 ‚
578 1032 817 1088 tenuesque
844 1030 1057 1089 affurg'ere
1080 1033 1129 1075 in
1151 1047 1274 1076 auras
1290 1065 1306 1086 ‚

145 1114 293 1170 Atque
318 1102 738 1170 peregrinam-testo
767 1113 957 1157 invitare
982 1113 1150 1157 virenti

148 1193 396 1237 Lusciniam
423 1194 572 1237 vernis
600 1196 866 1245 mulcentem
890 1194 1087 1238 cantibus
1112 1209 1234 1238 aures
1252 1210 1266 1239 t

151 1274 263 1328 Quae
291 1275 323 1317 fi
347 1289 439 1318 non
463 1276 658 1319 animum
687 1276 805 1319 filvae
832 1277 1045 1319 nascentis
1075 1276 1225 1334 imago

151 1355 355 1412 Moverit
379 1371 393 1406 ;
420 1369 463 1400 at
493 1359 637 1401 dulces
663 1372 755 1400 non
780 1358 1043 1401 obliviscere
1069 1359 1208 1400 Natos
1225 1389 1239 1409 ,

151 1437 247 1480 Nec
277 1437 358 1480 tibi
382 1439 455 1481 sed
482 1450 601 1481 retro
630 1439 829 1482 venturis
861 1439 1040 1481 consere
1068 1437 1210 1480 seclis.

215 1518 261 1561 O
292 1522 301 1562 !
332 1518 441 1561 mihi
463 1518 677 1562 Loiolidae
697 1518 881 1573 juvenes
899 1552 910 1570 ‚
932 1518 982 1561 in
1002 1517 1145 1561 nostra
1164 1515 1331 1572 recepti

153 1595 474 1642 Castra’recens
494 1631 506 1651 ‚
536 1599 564 1643 ὂ
594 1599 626 1642 fi
651 1612 848 1642 veterem
873 1599 937 1642 fas
964 1599 1140 1640 reddere
1166 1599 1314 1649 lucum
1330 1630 1346 1651 ,

150 1679 342 1723 Fletibus
367 1680 567 1723 avulsum
592 1680 714 1723 dolui
742 1695 872 1737 quem
901 1693 1040 1735 nuper
1067 1678 1223 1722 amaris
1244 1682 1254 1722 !

151 1762 248 1818 Ipse
269 1763 418 1805 labore
439 1776 614 1804 manum
635 1774 821 1805 tererem
840 1794 852 1810 ‚
878 1747 1154 1818 nostramque
1173 1762 1374 1805 levarent

152 1842 391 1886 Tristitiam
417 1842 528 1884 caris
554 1842 732 1898 provisa
755 1842 972 1885 sodalibus
996 1842 1106 1885 olim

155 1924 344 1969 Gaudia.
375 1921 626 1979 Praecipites
653 1922 757 1965 coeli
787 1922 871 1979 qua
900 1934 1021 1978 parte
1051 1925 1267 1979 procellas

150 2005 344 2048 Molitur
367 2005 527 2048 Boreas
557 2019 571 2052 ·,
601 2002 803 2046 domibus
827 2003 1101 2047 contermina
1130 2005 1289 2049 nostris

150 2086 350 2128 Vomere
378 2085 660 2142 proscindens
686 2096 754 2128 ter
776 2086 850 2127 vel
880 2098 1034 2142 quater
1061 2100 1187 2138 arva,
1209 2086 1394 2130 sativam

155 2166 406 2210 Obruerem
432 2168 631 2225 glandem
659 2182 673 2216 3
704 2181 800 2224 quae
827 2179 926 2209 nata
954 2167 1181 2210 cacumine
1206 2169 1333 2211 molli

154 2248 309 2301 Quum
325 2247 516 2303 primum
534 2248 746 2305 inciperet
762 2260 999 2291 maternam
1018 2248 1183 2292 findere
1203 2247 1363 2292 terram
1382 2279 1396 2302 ,
1458 2302 1481 2310 ,-

153 2327 178 2374 J
183 2342 338 2384 amque
355 2327 451 2371 solo
467 2329 690 2383 frondere,
707 2342 856 2387 greges
874 2327 1026 2384 procul
1043 2329 1143 2372 inde
1158 2332 1398 2387 repellens,

157 2410 371 2456 Confusas
394 2410 515 2455 ultro
538 2410 960 2469 paterer->silvescere
986 2413 1174 2469 plantas.
