1500 2886
20 230 1358 338 ‚eseoessmssffissm

82 347 1324 475 *ARGUMENTUM

473 558 856 619 LIBRI·
917 561 994 619 V.

109 665 531 779 LAMONIUS
566 715 817 791 Princeps
848 714 1075 792 senatus
1110 713 1360 797 Parisini.

114 817 266 874 Olea.
285 818 548 873 Arborum
579 819 821 875 varietas.
853 818 1083 874 Nemora
1103 839 1124 874 .·
1143 819 1317 874 ulmus
1331 841 1359 888 ;

109 919 228 974 tilia
266 942 291 989 ;
341 915 594 999 cupreffics
626 941 653 988 ,·
695 919 954 994 carpinus.
1000 919 1209 976 Morus.
1247 920 1361 976 Viae

99 1020 323 1095 publicae
375 1019 638 1075 arboribus
696 999 976 1094 cingendae'.
1019 1018 1360 1102 Restituenda

104 1139 335 1174 nemora.
370 1119 595 1174 Arbores
614 1117 872 1198 fluviales
898 1140 919 1176 .-
952 1119 1110 1175 alnus
1131 1142 1156 1188 ,·
1178 1119 1355 1195 salix.

108 1219 322 1276 Buxus.
349 1220 551 1276 Taxus.
576 1218 845 1293 Myrtlzus.
878 1218 1045 1299 Casia.
1075 1219 1315 1295 Populus
1335 1265 1363 1291 ‚

110 1317 212 1379 ὅτ.
244 1321 470 1377 Arbores
501 1316 770 1395 frugifera
808 1341 829 1376 :
847 1318 1058 1395 scrobes
1085 1343 1111 1391 ;
1135 1323 1359 1396 planta-

102 1442 223 1478 rum
263 1418 478 1476 deleflus
506 1443 531 1490 ;
567 1418 929 1495 seminarium.
961 1421 1190 1477 Arbores
1225 1421 1358 1498 fhb·
1446 1471 1449 1473 ,

92 1521 370 1605 stituendae
408 1543 435 1590 ,·
483 1519 721 1575 arborum
774 1519 1138 1595 compescenda
1196 1523 1359 1579 luxu-

109 1623 189 1679 ria
221 1665 242 1692 ,
282 1621 370 1678 ubi
416 1619 478 1675 de
521 1619 851 1676 hirudinibus
895 1620 1080 1677 aerarii.
1116 1615 1302 1703 Insteio
1336 1645 1361 1682 .-

106 1722 370 1804 insitionis
398 1722 634 1791 utilitas,
655 1722 743 1778 ubi
758 1721 819 1777 de
846 1723 986 1777 almo
1007 1739 1144 1778 terrae
1155 1721 1320 1799 succo
1331 1747 1360 1794 ,-

105 1822 363 1901 inserendi
384 1840 600 1898 tempus.
622 1822 938 1879 Plantarurn
950 1822 1115 1899 satio.
1138 1824 1360 1888 Pomus.

108 1926 265 1981 Ficus
286 1967 308 1994 ,
341 1924 430 1980 ubi
457 1923 518 1979 de
547 1944 803 1981 novorum
835 1924 1103 1980 hominurn
1128 1924 1360 2007 instabili

92 2026 337 2102 fortuna.
368 2025 555 2081 Citrus.
584 2025 737 2081 Nux.
769 2024 1035 2107 Castanea.
1062 2025 1355 2101 Amygda-

107 2130 164 2183 la
183 2170 204 2197 ,
236 2127 326 2182 ubi
358 2126 420 2181 de
452 2126 687 2181 arborum
700 2124 946 2204 floribus.
980 2123 1210 2200 Cerasus,
1244 2125 1357 2200 Py-

108 2247 198 2285 rus
231 2247 251 2283 .·
281 2226 406 2314 pygi
429 2225 662 2300 putatio.
690 2225 952 2284 Arborum
975 2226 1190 2312 putatio
1208 2268 1234 2311 ³.
1266 2226 1357 2287 ubi

108 2326 173 2386 de
200 2325 421 2386 auc‘loris
447 2325 623 2388 Patre.
