1482 2834
459 251 763 309 LIBER
824 247 1102 308 XIVs'
1228 254 1350 327 '332

25 398 35 407 ,
56 387 58 389 .
109 347 287 396 Horrea
310 351 386 397 sed
410 351 564 399 subitis
587 352 757 398 vastant
782 351 927 396 aliena
951 345 1150 409 rapinis-2

112 433 169 475 Et
194 445 296 478 toto
318 447 451 492 quem
475 449 582 479 vere
607 435 773 479 cohors
796 433 984 491 operosa
1005 431 1188 491 coegit,¹

111 512 257 556 Unius
284 514 526 572 expediunt
553 513 719 558 vistum
742 527 822 572 per
844 514 960 558 furta
984 513 1094 557 diei.

174 593 317 639 Effera
345 609 452 653 gens
478 596 523 640 δε
545 597 667 638 mole
689 596 845 639 valens
861 622 877 643 2
906 595 952 638 &
974 592 1147 638 viribus
1175 593 1321 638 audax
1354 634 1359 638 .

108 673 187 716 Nil
214 674 386 719 dubitat
409 677 567 732 plenos
593 674 745 731 apibus
771 686 944 718 tentare
967 672 1152 719 receffus
1169 705 1184 729 ,

108 755 319 812 Expilare
342 757 488 812 palam
512 753 721 799 distractis
750 754 909 797 horrea
934 754 1077 825 «εει-ἰςἪ

106 836 255 892 Atque
274 850 444 879 novum
461 868 475 889 ‚
503 835 536 879 fi
553 850 650 893 quae
667 833 847 889 mussat,
866 835 1005 879 scelus
1022 836 1175 879 addere
1193 834 1346 894 furto}

107 916 163 958 Et
187 915 323 972 raptis
353 916 514 973 opibus
539 918 710 962 dulcem
736 931 914 975 quoque
937 918 1097 961 tollere
1123 916 1284 963 vitam.

104 995 245 1039 Mella
271 995 429 1040 vident
458 996 639 1054 impune
665 995 792 1054 rapi,
821 984 1025 1055 cerasque
1053 997 1221 1051 recidi,

106 1078 328 1120 corruere
354 1077 398 1120 δι
425 1091 577 1121 muros
595 1110 610 1130 ,
635 1076 910 1135 desolatique
937 1091 1149 1134 penates3

107 1158 202 1200 Nec
224 1157 431 1215 cuiquam
455 1157 516 1202 est
539 1157 712 1201 animus
736 1156 875 1200 furaci
902 1156 1102 1200 obfistere
1126 1164 1302 1205 turmae-¹

166 1240 361 1296 cogeret
386 1239 483 1282 haec
507 1237 675 1281 miserae
700 1237 835 1281 facies
858 1236 1090 1282 tristiffima
1115 1239 1250 1283 cladis

29 1366 40 1376 ,
105 1318 504 1378 Maturarefugam
521 1351 534 1370 ,
559 1333 679 1363 nova
706 1331 837 1376 quam
861 1318 1031 1377 Regina
1054 1322 1230 1376 parabat
1246 1335 1262 1365 z

103 1400 231 1444 Illius
255 1411 300 1444 at
325 1399 458 1445 tantis
484 1414 607 1444 mors
634 1399 822 1444 luctibus
848 1399 1019 1444 additur
1043 1415 1058 1450 ;
1085 1414 1310 1459 unamque

103 1479 368 1525 Interimunt
389 1482 554 1525 verulae
572 1512 586 1533 ,
614 1479 737 1524 cellis
767 1492 817 1524 ut
842 1491 937 1524 tota
961 1482 1180 1525 novandis

104 1561 361 1606 Permaneat
375 1593 388 1615 ,
414 1561 619 1619 cerasque
646 1561 791 1605 ferens
815 1573 868 1605 ac
891 1563 1023 1606 mella
1049 1560 1257 1618 iuventus
1276 1570 1309 1618 ,V

102 1641 260 1686 Acrius
287 1641 513 1686 incumbat
529 1672 542 1694 ‚
569 1641 757 1699 propior
780 1639 873 1699 quo
894 1642 1054 1687 Bruma
1070 1677 1083 1697 ,
1109 1643 1270 1690 labori.

165 1724 340 1766 Interea
363 1734 527 1765 vacuas
542 1710 674 1765 'flavo
699 1722 803 1766 dum
827 1722 1003 1767 ιιι-,ἀπε
1028 1727 1159 1768 cellas

103 1805 267 1859 Implet
292 1801 387 1859 apis
403 1833 419 1855 ,
446 1814 539 1844 non
561 1801 687 1860 pigra
711 1801 834 1860 sequi
861 1805 996 1860 pudet
1018 1805 1111 1848 otia
1133 1805 1259 1850 fucos
1278 1821 1293 1852 ε
1325 1835 1330 1838 -

104 1883 241 1927 Tecta
267 1882 425 1926 fovent
448 1896 463 1932 3
488 1883 564 1926 vel
588 1881 622 1925 fi
646 1894 732 1939 qua
755 1881 849 1926 dies
874 1881 1037 1927 invitat
1064 1884 1206 1928 amica

103 1965 225 2009 Luce
250 1962 337 2007 frui
361 1977 378 2012 3
403 1975 537 2020 pecus
561 1961 772 2021 ignavum
794 1962 1005 2020 spatiatur
1029 1963 1078 2007 in
1103 1965 1237 2008 horto
1254 1974 1273 2020 ,·

104 2045 182 2088 Nil
204 2039 371 2088 'faciens
395 2042 545 2101 operis
561 2075 576 2098 ‚
602 2044 676 2088 sed
699 2043 847 2088 inania
870 2058 1094 2088 murmura
1118 2046 1340 2101 miscensz

105 2127 161 2170 Et
187 2123 389 2183 quamvis
412 2125 568 2169 habat
592 2123 760 2169 validas
785 2127 839 2169 ad
862 2126 1058 2183 pondera
1080 2127 1201 2172 vires
1215 2158 1232 2182 ‚

106 2205 184 2249 Nil
211 2217 359 2248 tamen
383 2202 556 2249 afflictis
585 2218 706 2250 curat
729 2205 976 2250 succurrere
998 2208 1126 2252 rebus
1139 2240 1156 2262 ‚

108 2284 259 2328 Obvia
283 2295 518 2328 vernantes
540 2297 683 2343 neque
707 2285 859 2344 sugere
887 2288 1019 2331 mella
1042 2301 1122 2346 per
1144 2303 1272 2348 agros
1287 2305 1331 2342 ’,-

109 2365 313 2409 Molliter
338 2365 387 2408 in
409 2363 571 2410 teneris
594 2366 773 2410 recubat
796 2366 871 2410 sed
894 2366 1077 2412 floribus
1094 2399 1109 2423 ,
1136 2370 1244 2413 escae

106 2447 349 2490 Immemor
364 2477 378 2497 ‚
407 2447 461 2490 ad
482 2446 675 2491 saturum
698 2448 839 2492 donec
864 2448 1057 2506 praesepe
1081 2461 1309 2512 recurrat3'

56 2535 64 2557 ι·
109 2529 310 2572 servatas
334 2527 473 2573 hiemi
497 2529 687 2588 gaudens
711 2528 969 2581 consumere
991 2529 1159 2586 fruges.

1054 2610 1100 2670 X
