1482 2834
45 2179 47 2181 ·
111 2158 257 2203 Cerea
285 2152 456 2197 divitiis
479 2151 661 2210 vigeant
686 2163 736 2193 ut
760 2165 895 2209 regna
924 2167 939 2201 ·,
965 2152 1176 2211 novaque

127 205 244 264 322
327 194 692 254 PRAEDII
735 195 1157 255 Rvsrzct

117 291 216 338 Nec
237 295 536 352 speculatores
563 300 720 342 oculos
756 312 908 343 arcana
933 299 1170 340 domorum

119 377 365 433 Explorate
388 376 533 423 finunt
558 395 573 430 ·,
598 379 673 423 sed
695 379 744 424 in
766 394 844 423 ora
866 377 1106 435 manusque
1127 374 1361 432 velamen

118 456 308 501 Visendi
334 459 518 517 cupidos
545 461 726 520 abigunt
751 477 766 512 ·,
794 459 1078 516 monitosque
1105 458 1297 502 tumenti

114 537 320 583 ,vulnere
349 541 567 585 deterrent
584 575 596 596 ,
623 554 737 587 artes
765 542 872 601 quin
900 539 1088 597 amplifis
1114 538 1257 583 aufint

116 619 347 664 Attentare
370 621 467 665 suas
495 637 510 672 ·,
534 623 659 681 atqui
683 635 836 666 tamen
862 620 1010 679 agnita
1036 634 1240 678 magnam

114 698 268 744 ferret
294 702 390 760 apis
415 705 569 761 (tanta
593 704 654 748 est
679 687 866 762 operuxn
893 701 1101 758 solertia)
1124 701 1332 751 laudem-2

114 782 220 826 Una
244 782 325 826 uifi
351 798 532 828 moveat
559 786 797 845 generandi
822 785 967 844 gloria
993 782 1159 828 mellis.

180 865 350 909 Caetera
373 866 450 923 qui
475 879 604 910 norat
629 882 775 911 rerum
803 866 1043 919 miracula,
1067 865 1207 908 solers

113 946 295 988 Naturae
322 947 534 990 scrutator
552 980 565 1001 ‚
585 962 690 1004 apes
715 960 765 991 ut
792 947 976 991 disceret
992 977 1007 1000 ,
1033 946 1146 988 aedes

113 1025 296 1069 Effinxit
321 1025 486 1070 vitreas
510 1042 523 1076 3
550 1029 595 1070 ὃς
619 1027 669 1069 in
691 1027 906 1070 interiora
936 1036 1147 1083 penatum

113 1105 379 1150 Luminibus
406 1106 536 1150 subiit
562 1107 671 1150 tutis
699 1122 712 1151 ε
739 1105 903 1150 secreta
927 1106 1006 1150 sub
1033 1119 1159 1149 aurae

112 1187 230 1247 Quae
258 1187 361 1230 tulit
377 1219 391 1241 ,
414 1187 592 1231 Ascraeo
618 1201 745 1230 mens
775 1186 836 1231 est
865 1187 1184 1243 comprendere
1208 1185 1364 1232 versu.

176 1269 284 1311 Non
302 1267 468 1311 incerta
482 1266 585 1311 laris
598 1300 612 1321 ,
627 1269 863 1311 volucrum
879 1269 932 1310 de
949 1281 1075 1310 more
1088 1279 1328 1327 vagantum
1339 1298 1357 1322 ,
1419 1311 1426 1318 ,

110 1351 239 1393 Errat
265 1349 359 1406 apis
378 1382 392 1403 ,
417 1341 589 1393 vifihxm
614 1362 814 1406 quaerens
842 1346 920 1390 fibi
944 1361 1045 1390 rure
1071 1344 1276 1391 diurnum
1293 1362 1311 1397 ·‚

112 1429 401 1487 Fortuitaque
424 1431 575 1473 levem
599 1427 737 1471 nost&
761 1427 890 1484 super
913 1410 1078 1470 arbore*
1088 1428 1296 1471 somnum

112 1510 236 1557 Fess‘a
252 1512 403 1554 labore
422 1508 597 1554 trahens
619 1525 631 1554 z
651 1508 858 1552 homines
877 1508 1078 1553 imitatur
1093 1540 1107 1562 ,
1129 1508 1175 1552 δι
1190 1508 1315 1552 urbis

110 1592 382 1637 Confimiles
407 1593 558 1635 eadem
584 1589 694 1634 colit
719 1589 837 1633 intra
860 1588 1030 1634 moenia
1053 1589 1174 1633 sedes
1189 1604 1206 1639 ὅ

110 1673 393 1730 Privataeque
414 1671 480 1714 rei
503 1670 644 1715 studio
667 1684 724 1713 ne
747 1669 924 1726 publica
947 1671 1160 1728 damnum

112 1754 234 1806 Res,
256 1765 307 1796 ut
331 1752 379 1794 in
397 1752 590 1795 humana
613 1750 808 1807 paviatur
833 1762 962 1807 gente
979 1782 992 1803 ‚
1018 1748 1199 1806 reponit

111 1835 169 1879 In
192 1846 428 1878 commune
454 1817 576 1874 cibos
593 1863 607 1884 ,
635 1843 836 1874 venturae
862 1830 1052 1887 provida
1075 1831 1247 1873 Brumae
1263 1862 1283 1885 ,

112 1914 248 1969 Quos
274 1912 415 1955 aestate
441 1910 549 1968 legit
569 1925 582 1954 ε
608 1912 828 1966 populum
853 1910 1061 1954 coalescit
1085 1909 1135 1954 in
1159 1925 1298 1954 unum

111 1994 224 2053 Quo
251 2006 395 2050 neque
422 1982 625 2046 justitiae,
652 1992 733 2033 nec
759 1990 982 2034 amantior
1005 1991 1175 2035 ordinis
1201 1994 1328 2040 alter.

175 2073 338 2117 Totius
363 2074 448 2116 huc
473 2071 667 2128 spectant
688 2072 808 2129 leges
833 2072 877 2115 δι
901 2072 1067 2116 foedera
1092 2072 1237 2130 gentis

110 2235 348 2281 'Auxilium
372 2232 450 2277 fibi
470 2234 597 2290 prole
620 2244 777 2289 parent
794 2247 809 2282 ·,
829 2245 1088 2291 maneatque
1107 2248 1322 2292 nepotum

114 2317 372 2361 Immortale
398 2329 535 2373 genus
561 2330 573 2359 ε
599 2313 748 2358 studiis
774 2315 1069 2359 concordibus
1091 2315 1173 2360 uni

111 2397 379 2447 Incumbunt
404 2394 532 2453 operi
552 2410 571 2447 ·,
591 2395 668 2441 sed
688 2407 783 2440 non
804 2395 929 2440 labor
953 2395 1161 2440 omnihus
1183 2395 1320 2446 idem.
