1500 2886
110 196 209 262 {W
370 202 932 267 EPISTOL
973 203 1050 269 A.'

102 324 361 405 oporteat.
399 330 612 386 Deinde
642 328 914 406 servorum
958 327 1201 387 delei-ium
1232 372 1256 401 ,
1303 321 1360 389 δ’

110 431 261 488 varia
279 430 615 512 singulorum
652 431 712 486 in
750 430 1048 487 excolendis
1083 431 1222 508 agris
1258 428 1361 488 mi-

111 531 317 614 nisteria
352 531 643 609 persequar.
701 520 874 588 Tertio
902 529 1360 612 'laboriosiffimum

113 632 341 689 hominis
406 633 464 688 in
515 631 860 707 Agricultura
909 629 1119 706 socium
1182 632 1360 688 bovem

112 731 344 809 aliasque
382 730 672 806 informabo
703 729 928 807 pecudes
957 753 983 800 ;
1021 752 1131 807 quae
1174 734 1261 789 vel
1301 733 1362 788 in

115 834 424 910 consortium
460 854 666 908 operum
686 876 707 902 ,
737 835 824 889 vel
852 830 1046 889 reditus
1065 875 1084 905 ‚
1121 829 1175 890 G·
1201 831 1360 915 custo-

113 934 210 990 dice
252 933 408 1011 causti
440 933 756 991 nutriuntur.
792 935 870 989 Et
904 934 1154 1008 quoniam
1192 936 1359 1010 empto

104 1036 302 1111 praedio
324 1078 342 1106 ‚
376 1034 778 1111 comparatisque
816 1033 892 1089 ad
926 1034 1071 1089 illius
1105 1035 1361 1090 culturam

98 1135 268 1213 servis
286 1178 305 1208 ,
351 1131 405 1193 δ’
434 1135 704 1213 pecoribus
723 1178 743 1205 ,
771 1133 956 1216 statim
997 1134 1360 1211 conserendum

114 1235 316 1312 censent
349 1235 646 1319 rusticarum
684 1256 848 1292 rerum
877 1235 1077 1310 periti,
1119 1234 1360 1291 colenda-

110 1358 226 1394 rum
264 1338 501 1392 arborum
539 1337 792 1392 rationem
830 1335 1047 1392 tradam.
1074 1336 1134 1392 in
1175 1337 1358 1411 quinto

114 1434 170 1495 δ’
193 1436 354 1514 sexto
395 1439 543 1495 libro·
584 1439 653 1494 In
678 1433 904 1515 septimo
948 1433 1003 1494 δ’
1041 1435 1219 1495 οὲῖανο
1257 1460 1361 1494 an-

112 1559 251 1597 nuas
290 1559 529 1616 agrorum
571 1559 751 1616 operas
774 1538 1085 1615 summatim
1111 1539 1307 1616 sequar
1334 1583 1358 1610 ,

112 1658 173 1699 ut
217 1641 348 1716 quid
389 1641 590 1716 quaque
636 1640 920 1723 tempestate
965 1641 1071 1697 ruri
1108 1662 1359 1718 peragen-

112 1742 239 1799 dum
265 1740 344 1823 sit
368 1786 387 1812 ‚
429 1763 535 1799 uno
572 1745 714 1799 velut
748 1743 946 1799 intuitu
981 1741 1356 1818 conspiciatur.

108 1845 255 1922 ..Tum
282 1844 494 1920 plenius
527 1842 823 1900 trailandas
863 1842 1132 1922 aggrediar
1162 1844 1357 1900 delica-

110 1946 264 2001 tiores
297 1943 642 2025 rusticationis
658 1961 836 2018 partes
858 1984 876 2013 ‚
911 1942 1084 1998 hortos
1105 1941 1309 2017 scilicet
1333 1987 1354 2013 ‚

111 2047 242 2104 vites
261 2089 282 2116 ,
319 2046 663 2121 optimamque
695 2045 806 2100 vini
848 2043 1152 2118 conficiendi
1191 2045 1356 2099 ratio-

112 2169 246 2204 nem.
280 2144 559 2218 Adjiciam
583 2143 798 2218 denique
823 2162 943 2199 aves
967 2142 1216 2199 chortales
1231 2186 1250 2215 ‚
1271 2165 1353 2199 co-

111 2249 315 2306 lumbas
336 2290 354 2318 ‚
385 2267 545 2322 apes,
582 2241 635 2302 δ’
661 2244 923 2322 piscinam
942 2266 966 2313 ;
1004 2265 1114 2319 quae
1147 2244 1224 2300 ad
1252 2266 1354 2301 rem
1400 2253 1414 2263 ⁰

97 2349 418 2425 familiarem
436 2367 546 2402 non
565 2347 739 2402 minus
760 2342 917 2420 qua'm
941 2345 1017 2400 ad
1032 2345 1352 2422 villaesplen-

108 2451 278 2508 dorem
293 2448 570 2526 pertinent.
603 2446 864 2503 Ultimum
897 2445 1166 2526 domestico
1189 2447 1352 2522 lepori
