1482 2834
0 2783 1 2811 l

0 2813 2 2834 l

91 201 214 279 296-
285 203 650 270 'PRAE'DII
692 209 1114 268 Rvsrzct

83 301 304 349 Provocat
332 322 572 354 extremam
591 344 602 363 ‚
629 311 786 355 festivo
814 312 1004 355 carmine
1029 310 1211 354 fluctus-

82 383 288 428 Attestata
306 419 318 440 ,
334 402 493 432 comes
519 389 649 446 quam
676 392 856 448 gaudeat
883 391 946 433 ire
972 376 1153 434 marito}

142 465 372 512 Chortales
400 470 514 514 inter
538 475 743 516 volucres
768 487 823 516 ne
851 472 1030 530 quaerite
1055 484 1280 530 cygnunr,

82 545 300 591 Littoreas
325 551 489 595 habitat
515 553 630 610 ripas
650 587 661 606 ‚
687 556 783 598 loca
810 554 901 597 sola
924 569 938 602 ·,
961 567 1210 611 vagamque

80 623 250 671 Piscatu
277 632 434 675 tolerat
462 633 625 676 circum
654 634 777 690 pigra
806 633 989 691 flumina
1012 632 1172 677 vitam.

143 708 357 754 Maeandri
382 714 519 756 tacito
546 714 618 757 sed
643 716 827 772 gaudeat
854 713 927 756 ille
955 712 1149 767 recessu,

82 786 136 828 Et
162 787 341 845 liquidis
366 804 564 836 tenerum
590 794 782 837 modulis
809 795 974 837 soletur
999 808 1223 844 amorem3

83 869 152 912 Tu
178 872 346 915 mensas
374 888 528 917 ornare
554 874 662 917 cibis
683 907 694 926 ‚
725 888 818 916 non
845 874 1041 917 cantibus
1067 888 1193 918 aures

83 948 259 994 Pascere
287 953 499 996 sollicitus
517 986 529 1005 ,
560 953 680 1009 capis
711 952 884 998 instabis
913 952 1095 997 alendis.

84 1031 331 1089 AEquoreus
357 1048 449 1076 non
474 1034 611 1077 deerit
638 1049 738 1077 anas
756 1067 769 1086 ,
797 1048 877 1077 nec
903 1035 1097 1092 garrulus
1122 1033 1248 1078 anser

82 1114 229 1168 Quem
256 1116 378 1172 largo
403 1116 488 1158 sale
512 1115 742 1173 continges
770 1131 781 1159 ε
808 1129 832 1158 e
855 1106 1011 1158 ventre
1036 1116 1255 1158 revulsam

81 1195 164 1238 Ille
189 1195 300 1238 toris
325 1197 520 1252 plumam
545 1196 665 1240 dabit
681 1229 694 1250 ‚
720 1198 762 1239 &
779 1195 1073 1252 Scriptoribus
1098 1197 1213 1248 alas»,

86 1276 209 1331 Saepe
235 1276 390 1332 quibus
417 1275 541 1333 pigra
566 1290 658 1318 non
684 1275 815 1319 altius
843 1274 946 1319 alite
970 1277 1109 1320 Vates

84 1355 232 1415 Surgit
246 1357 383 1400 humo
401 1390 412 1408 ,
433 1369 649 1414 cantuque
665 1371 811 1400 novus
829 1355 980 1412 strepit
998 1357 1123 1410 anser
1143 1357 1316 1414 inepto.

149 1435 350 1483 Gallinas
376 1438 460 1479 alat
487 1435 691 1493 inprimis
718 1451 732 1486 ·‚
757 1435 861 1479 hinc
886 1435 1050 1479 Villica
1071 1438 1242 1481 laudem
1260 1470 1273 1490 ‚

85 1516 207 1561 Hinc
233 1518 276 1558 δε
299 1517 442 1573 speret
465 1529 574 1573 opes
592 1549 604 1569 ‚
626 1515 842 1573 lautisque
862 1516 1048 1573 opsonia
1072 1519 1247 1563 mensis,

87 1596 162 1640 Bis
189 1597 260 1640 det
281 1598 400 1654 larga
426 1597 556 1653 dapes
575 1630 588 1650 ‚
618 1596 812 1653 primum
843 1611 977 1654 quum
1002 1611 1132 1641 mane
1161 1598 1294 1642 cubili

86 1677 302 1720 Defiliere
318 1709 330 1730 ‚
354 1676 475 1733 prius
501 1676 632 1735 quam
656 1677 951 1721 diffundantur
976 1678 1023 1721 in
1046 1693 1204 1737 agros:

86 1758 210 1818 Dein
234 1757 310 1800 ubi
338 1758 548 1801 clamosas
575 1771 756 1802 revocat
783 1758 880 1815 spes
906 1770 1022 1802 certa
1049 1758 1281 1810 ciborum·,
1331 1800 1333 1802 .

85 1838 342 1895 Invitatque
367 1839 521 1882 cadens
547 1838 742 1894 placidos
769 1839 834 1882 sol
861 1840 1043 1896 vespere
1066 1840 1276 1886 somnos:
1331 1877 1334 1883 .

87 1921 203 1963 Nam
222 1933 323 1962 cum
341 1919 433 1962 sole
457 1920 644 1975 (breves
663 1919 814 1975 spatiis
834 1921 909 1963 seu
928 1921 1146 1964 contrahit
1165 1922 1295 1966 arstis

86 2001 248 2044 Bruma
273 1998 364 2043 dies
381 2032 393 2052 ,
419 2013 538 2043 nova
558 2000 632 2043 seu
657 1999 792 2043 demit
815 2003 867 2044 de
893 2002 1095 2048 nofiibus
1121 2002 1277 2059 aestas)
1330 2043 1334 2046 .

88 2082 130 2124 It
155 2079 350 2129 cubitum
377 2079 551 2138 gallina.
581 2082 672 2123 Suo
702 2094 836 2136 quum
861 2081 1030 2125 lumine
1055 2096 1195 2139 nuper

88 2159 300 2205 Defectus
319 2192 331 2212 ,
359 2160 507 2203 medio
533 2159 667 2202 Titan
691 2159 879 2203 latuifl‘et
906 2161 1139 2219 Olympo·‚

88 2240 310 2294 Deceptas
336 2238 522 2282 memini
545 2238 769 2282 venientis
800 2239 991 2296 imagine
1021 2242 1169 2286 noctis

93 2318 276 2362 Chortis
304 2318 607 2382 avesintraffe
634 2321 814 2362 domum
843 2335 855 2370 ;
883 2335 992 2363 mox
1015 2322 1170 2366 deinde
1195 2325 1330 2372 cubili

93 2397 327 2445 Deceffiffe
345 2431 358 2451 ‚
384 2398 502 2442 diem
528 2400 698 2444 Phoebo
724 2401 940 2444 referente
962 2418 974 2451 3
1002 2403 1256 2462 priusquam
1319 2447 1323 2451 .

95 2478 419 2537 Intempestive·
437 2479 872 2529 claufiffentdumina
897 2481 1070 2530 somno.
