1482 2834
167 177 279 246 154
397 170 730 227 1⁰11AEth
778 171 1142 229 Rvsrze‘t

156 270 279 313 Ditis
308 285 417 327 opes
444 272 559 314 'uteri
584 272 768 315 fundens
784 303 796 325 ,
825 272 993 329 ovique
1019 271 1206 330 figuram

155 352 338 395 Sedulus
358 353 566 410 effingens
579 352 742 410 ‘opifex
760 368 775 403 ·,
796 352 840 395 &
856 352 1038 396 stamine
1059 353 1324 410 quamquam

156 433 255 488 Ipse
281 434 361 476 suo
385 433 582 491 tegitur,
606 446 754 478 tamen
770 467 782 486 ‚
809 445 859 478 ut
884 447 1020 491 quum
1041 434 1186 478 vitrea
1210 432 1342 490 piscis

155 514 315 572 Stagna
332 515 446 559 secat
461 548 474 569 ‚
501 516 743 573 mediisque
763 510 920 560 natans
937 528 1123 574 apparet
1140 515 1189 558 in
1206 513 1334 558 undis
1349 518 1371 558 ὲ·

153 594 280 638 Atria
303 596 360 640 fic
384 597 576 655 primum
602 598 787 642 bombix
810 613 889 656 per
912 597 1069 655 virgea
1092 595 1221 642 filum

154 666 279 719 Intus
309 677 387 721 'ubi
415 679 528 737 regit
552 693 630 723 ore
646 711 659 733 ,
685 690 815 736 potes
841 666 1037 735 speaare
1061 678 1239 722 viarum

156 757 377 804 Circuitus
397 775 511 817 quos
529 760 653 804 mille
670 760 780 819 legit
795 785 810 814 -,
837 761 1037 818 quosque
1056 760 1234 804 orbibus
1253 747 1383 803 orbes

153 839 350 898 Impiger
372 844 642 900 agglomerat
665 858 680 893 3
705 842 865 886 nebula
891 844 995 886 dum
1022 841 1192 886 clausus
1219 839 1356 897 opaca

151 920 320 964 Denset
337 936 450 978 opus
467 955 479 975 ,
500 925 622 980 quod
638 923 740 966 dein
753 923 989 980 tranquiua
1003 935 1081 979 per
1099 922 1192 970 otia
1211 921 1405 977 complet

150 999 296 1044 Dives
323 1001 581 1045 inexhausto
604 1002 786 1046 mittens
814 1017 839 1046 e
865 1003 1043 1059 peEkore
1068 1004 1232 1047 vellus.

152 1084 281 1136 Quos
308 1083 449 1126 oculis
475 1082 563 1137 jam
592 1098 686 1127 non
710 1083 817 1127 licet
843 1083 1075 1128 obse'rvare
1101 1085 1306 1136 labores,

151 1163 329 1206 Artemita
354 1163 515 1221 vigiles
542 1161 780 1221 explorent
804 1179 906 1208 aure
932 1165 1124 1214 Puellae3

150 1245 205 1288 Et
220 1259 357 1302 quum
379 1245 490 1288 fasta
516 1247 642 1303 quies
660 1260 845 1303 operum
862 1246 922 1289 est
938 1279 951 1299 ,
977 1245 1182 1303 intusque
1201 1245 1378 1295 siletur}

149 1326 357 1370 Protinus
382 1328 558 1371 avulsos
582 1328 711 1389 ramis
735 1328 1000 1372 flaventibus
1024 1326 1140 1387 unda

148 1406 392 1451 Folliculos
419 1409 623 1452 fervente
643 1411 824 1452 doment
840 1442 854 1462 ‚
879 1410 956 1452 vel
978 1409 1073 1452 sole
1098 1412 1306 1466 perurant
1320 1425 1336 1458 ·,

151 1487 352 1531 Carceris
378 1501 478 1532 ante
502 1489 570 1532 sui
596 1489 769 1546 capiant
795 1488 932 1547 quam.
949 1489 1079 1538 taedia
1101 1504 1319 1534 vermem.

209 1569 412 1626 Namque
438 1570 658 1613 terebrato
686 1570 874 1614 bombix
901 1570 1095 1627 erumpit
1114 1572 1167 1614 ab
1191 1586 1286 1615 ovo
1303 1598 1322 1626 ,

146 1641 390 1707 Impatiens
416 1651 538 1694 reddi
561 1652 680 1705 luci,
705 1652 972 1710 cupidusque
998 1651 1180 1702 videndi

147 1731 344 1775 Adnatas
363 1732 559 1776 humeris
584 1735 698 1786 alas,
723 1732 973 1791 adjeftaque
997 1733 1138 1777 fronti

146 1799 357 1866 Cornua,
386 1814 431 1856 δε
453 1812 502 1856 in
529 1815 761 1857 volucrem
784 1815 920 1858 versae
943 1814 1151 1858 miracula
1176 1814 1348 1859 formaea'

147 1894 235 1937 Sed
262 1908 356 1938 non
380 1906 500 1937 tanta
526 1894 660 1938 novis
686 1906 832 1937 tamen
857 1894 917 1938 est
944 1894 1104 1938 fiducia
1129 1895 1316 1951 pennis;

147 1976 271 2019 Aufit
296 1976 550 2033 inexpertas
580 1987 631 2018 ut
653 1976 811 2019 tollere
838 1989 999 2032 corpus
1029 1975 1076 2018 in
1103 1989 1259 2019 auras:

149 2056 368 2114 Obstupet
392 2057 486 2112 ipse
509 2056 576 2099 sui
599 2070 771 2100 memor
786 2086 798 2109 ‚
827 2057 871 2099 δί
895 2055 1169 2099 stridentibus
1193 2055 1276 2100 alis

150 2139 323 2194 Papilio
348 2138 497 2182 fremit
521 2138 766 2191 attonitus,
794 2152 876 2181 nec
899 2139 1057 2194 pabula
1084 2148 1224 2184 curat.

149 2219 333 2273 Jejunus
362 2221 440 2264 stat
463 2222 585 2278 pulla
607 2221 736 2278 super
757 2221 980 2264 velamina
995 2253 1009 2275 ‚
1034 2232 1229 2265 mortem

150 2301 405 2358 Opperiens
431 2318 446 2352 3
470 2306 573 2356 vel,
601 2303 693 2348 sola
718 2302 786 2346 sui
810 2302 967 2350 solatia
994 2303 1136 2356 lethi,

151 2382 416 2429 consortem
438 2384 618 2429 thalami
644 2384 758 2442 petit
776 2399 792 2436 3
818 2385 862 2430 δε
884 2399 940 2429 ne
963 2385 1133 2441 perdita
1154 2384 1299 2430 secum

1476 171 1482 216 Ι

1472 261 1482 294 φ

1475 531 1482 583 i

1475 596 1482 630 4

1476 664 1482 759 ³4

1478 2665 1482 2701 ε
