1500 2886
580 273 626 331 L·
645 284 679 331 t
703 286 748 331 Β
775 288 819 331 ε
839 290 885 332 R
926 266 990 354 [ῥ’
1308 270 1387 350 17J

201 372 387 419 Talibus
407 373 584 420 indiciis
601 409 614 429 ,
637 377 681 421 δι
699 391 793 420 non
811 377 1051 434 interprete
1067 369 1197 432 virga

144 454 379 509 nexibili,
404 455 588 500 timatur
611 472 743 514 aquas
761 490 774 510 ,
796 457 873 515 qui
891 456 1034 510 judice
1048 456 1199 500 'fontes

146 537 285 590 Quos
306 538 439 580 oculo
464 537 595 581 novit
611 569 624 589 ‚
651 536 765 580 mira
788 537 1095 596 fe1icitersatte

148 618 359 661 Praedicat
383 617 585 660 inventas
605 633 617 660 ι
646 617 764 674 quafi
786 617 888 661 fons
908 617 1114 660 occultus
1134 614 1182 658 in
1200 626 1309 673 agro

148 699 394 742 Curvatum
410 699 556 740 valeat
571 698 722 756 ‘coryli
747 697 976 742 defle&ere
999 709 1170 740 ramum
1186 728 1200 748 ,

147 779 275 821 Altus
293 777 418 834 aquis
437 791 521 822 nec
539 777 669 834 poffit
686 778 803 823 idem
822 777 1094 823 torrentibus
1113 775 1275 822 amnis.

207 858 282 902 Sic
295 844 446 902 curvis
466 858 578 902 olim
595 859 759 903 baculis
779 859 981 903 emensus
1002 859 1252 916 Olympum
1271 874 1273 876 ·

148 941 300 998 Augur
317 954 423 984 aves
443 941 597 984 Romae
618 940 815 998 spectans
830 974 842 993 ,
867 951 1132 997 quaemente
1152 934 1294 996 sagaci

147 1022 334 1066 Viderat
351 1054 363 1074 ,
389 1034 448 1064 ex
463 1024 698 1065 volucrum
717 1021 893 1065 monitu
910 1033 1097 1065 ventura
1119 1020 1325 1074 canebat3
1358 1031 1361 1037 “

149 1103 255 1147 Plus
277 1103 432 1147 avibus
451 1101 584 1160 quiu'n
602 1101 797 1146 confiliis
816 1102 1020 1145 credente
1039 1101 1238 1158 popello.

193 1186 294 1229 *Me
318 1184 530 1241 praesente
555 1183 674 1226 suam
700 1197 842 1239 nuper
865 1180 1098 1236 jactantior
1125 1195 1264 1224 artem

151 1267 207 1310 In
237 1266 403 1308 coelum
428 1277 563 1322 quum
586 1263 718 1307 ferret
742 1277 864 1320 aquae
880 1263 1105 1316 Scrutator
1130 1263 1175 1305 &
1200 1260 1294 1305 auri
1308 1275 1327 1311 5

154 1347 220 1390 Ac
245 1345 422 1390 rudibus
447 1359 540 1389 rem
564 1358 677 1401 pene
701 1342 813 1388 viris
838 1343 1035 1387 suaderet
1050 1376 1064 1397 ‚
1090 1343 1222 1388 avara

154 1429 242 1484 Spe
265 1425 377 1469 lucri
401 1425 584 1469 faciente
608 1423 741 1468 fidem
767 1440 779 1468 :
806 1423 1038 1467 fruticante
1063 1425 1139 1468 sub
1166 1425 1298 1469 herba

155 1508 302 1561 Quem
318 1506 482 1563 reperit
498 1509 731 1549 nummum
742 1538 755 1558 ‚
768 1504 844 1548 sub
858 1506 1014 1548 eodem
1030 1505 1226 1564 gramine
1242 1507 1389 1550 rursus

158 1586 342 1630 Miranti
362 1585 515 1630 fimilis
535 1600 683 1630 coram
702 1587 909 1642 depono3
931 1601 1149 1643 manuque
1204 1634 1208 1637 ,

155 1667 413 1711 ΙιιΗεᾶεηεε
432 1667 592 1709 volens
607 1698 620 1719 ,
642 1679 735 1709 non
751 1680 830 1723 per
849 1666 893 1709 se
911 1676 1094 1724 vergere
1113 1674 1316 1723 ramum‚'

157 1751 362 1792 Errantes
388 1749 545 1791 oculos
573 1745 662 1790 alio
688 1748 792 1790 dum
817 1746 999 1801 conjicit
1015 1781 1027 1800 ‚
1055 1762 1209 1792 aurum

162 1833 287 1874 Clam
306 1830 419 1872 tollo
437 1845 449 1872 ι
471 1829 674 1886 corylum
689 1827 835 1871 rursus
855 1841 1010 1872 movet
1029 1828 1104 1872 ille
1121 1863 1133 1883 ,
1151 1831 1391 1889 manusque

163 1910 376 1954 Continet
397 1910 604 1953 immotas
625 1925 640 1959 3
662 1910 706 1952 &
723 1909 896 1968 virgam
918 1910 1071 1954 cunsta
1088 1911 1300 1957 trahentis

140 1989 443 2035 Demonstrat
466 1989 586 2034 flecti
611 1990 813 2034 deorsum
839 1990 890 2034 vi
916 1991 1052 2035 solius
1082 1993 1192 2038 auri.

128 2112 130 2115 .
160 2069 298 2128 Atqui
316 2072 655 2118 aurumnullum
678 2070 738 2114 est
755 2104 767 2124 ‚
787 2071 859 2114 aio
880 2087 892 2115 ε
913 2071 1044 2115 risere
1063 2086 1262 2131 repertos

162 2152 328 2199 Fraude
346 2153 473 2195 dolos
491 2167 505 2201 ·,
526 2165 638 2209 quos
658 2151 734 2195 ille
753 2150 854 2210 fuga
872 2152 1099 2211 tacitoque
1119 2157 1287 2211 pudore

164 2232 395 2276 Confeffus
412 2265 425 2285 ,
449 2245 596 2276 tamen
615 2232 846 2276 auriferam
866 2246 958 2275 non
978 2234 1142 2277 abdicat
1161 2244 1320 2282 artenn‘

225 2313 405 2358 Iudiciis
418 2347 431 2367 ,
451 2329 545 2372 quae
563 2316 699 2357 multa
718 2312 840 2366 dedi,
859 2313 940 2356 nisi
960 2315 1103 2357 credat
1121 2329 1332 2371 aquarum

165 2396 398 2452 Indagator
413 2427 426 2447 ‚
455 2394 636 2438 humum
661 2393 799 2437 fodiat
823 2408 836 2442 ·‚
864 2405 1089 2451 puteoque
1113 2407 1272 2440 cavato

88 2472 100 2498 ἕ
166 2477 382 2520 Ardentes
406 2475 509 2520 oleo
535 2475 726 2535 lychnos
744 2506 759 2531 ‚
784 2486 858 2518 aut
880 2476 1047 2520 vellera
1071 2478 1182 2519 lanae

1081 2563 1083 2566 ’
1121 2555 1156 2598 Β
