1500 2886
93 238 163 319 58
298 240 666 296 ‘PRAEDII
713 238 1075 298 Rvs‘rlct
1152 245 1154 247 ’

83 339 257 384 Idcirco
282 339 482 384 timidam
512 339 617 384 fecit
643 340 807 383 Natura
827 372 840 393 ‚
873 340 1112 399 virumque

79 423 304 466 Audacem
323 454 337 476 ,
369 423 412 465 δ(
437 424 571 466 duros
600 436 752 466 natum
782 424 970 467 tolerare
994 424 1167 468 labores
1185 438 1203 470 t

83 502 278 546 Alterius
307 503 365 546 fic
383 505 503 547 alter
527 517 627 561 eget
644 537 657 556 ,
685 504 741 548 fic
767 504 880 565 ruris
907 504 1081 561 opimas

83 583 272 628 Mutuus
301 598 431 644 auget
461 600 570 642 opes
598 601 723 630 amor
748 587 792 630 ἂ
818 586 1055 631 concordia
1077 586 1204 634 vitae.

146 666 311 710 Villica
336 666 593 711 stramineos
614 667 849 724 componit
867 667 952 711 rite
979 680 1158 724 penates
1176 683 1193 718 ς

86 748 142 790 Et
162 763 425 806 quamquam
445 751 586 794 nudus
606 750 750 807 paries
769 749 1036 807 humilisque
1056 765 1071 800 ;
1099 749 1263 794 nitenti

85 828 346 886 Paupertate
375 832 551 886 placent
579 833 692 875 aedes
723 832 768 875 &
793 831 987 888 fimplice
1020 833 1159 876 cultu.

87 911 194 954 Non
211 912 316 954 ebur
335 924 410 955 aut
428 927 580 956 aurum
600 946 613 966 ‚
639 913 711 956 sed
730 913 908 970 pensilis
926 927 1016 956 uva
1033 915 1210 958 lacunar
1281 915 1284 918 ’

89 993 302 1051 Contegit
328 1010 340 1038 ε
368 1007 552 1052 argento
581 1009 673 1038 non
699 993 928 1038 ambitiosa
957 976 1160 1038 {enident

88 1074 208 1118 Vasa
227 1107 240 1128 ‚
273 1089 354 1119 nec
381 1075 569 1132 insignes
599 1077 756 1119 tabulae
773 1108 785 1128 ‚
813 1089 894 1119 nec
920 1076 1084 1119 ahenea
1109 1074 1228 1133 figna
1247 1090 1264 1124 ς

87 1156 174 1200 Sed
192 1156 371 1201 scutulae
391 1190 405 1210 ‚
432 1157 686 1214 vitreusque
706 1157 823 1200 calix
842 1189 854 1208 ‚
884 1158 927 1200 &
952 1156 1152 1200 stanneus
1177 1155 1326 1211 orbis,

88 1240 235 1296 Atque
265 1238 518 1283 Faventinae
548 1240 692 1282 lances
710 1271 723 1291 ‚
753 1238 924 1281 servata
953 1238 1152 1294 supellex

89 1320 268 1364 Nobilis
293 1321 529 1364 adventum
555 1321 629 1363 vel
655 1321 707 1363 ad
730 1319 951 1377 hospitis3
979 1333 1122 1362 annua
1146 1332 1264 1376 pago

90 1401 180 1444 Vel
201 1415 337 1458 quum
354 1399 454 1444 festa
475 1401 567 1443 dies
587 1400 699 1443 redit
717 1415 732 1449 ·,
763 1414 836 1443 aut
856 1415 990 1456 quum
1010 1414 1110 1443 rura
1128 1400 1325 1444 revisens

91 1482 383 1526 Incomitatus
409 1481 522 1525 adest
547 1482 772 1525 Dominus
794 1515 807 1533 ,
833 1481 1027 1539 fastuque
1055 1494 1233 1525 remoto

92 1556 271 1608 vGaudet
295 1562 526 1607 honoratis
555 1559 646 1605 una
673 1562 894 1606 confidere
923 1562 1098 1607 mensis.
1158 1588 1162 1592 -

70 1665 72 1667 ·
93 1643 290 1688 Grandia
314 1656 436 1702 terga
462 1643 585 1686 sufim
603 1674 616 1695 ‚
648 1656 729 1686 nee
753 1657 845 1686 non
868 1643 1112 1686 redolentia
1136 1644 1224 1687 late

94 1725 209 1769 Allia
229 1758 242 1778 ,
277 1725 320 1768 &
347 1724 395 1767 in
421 1724 574 1767 varios
601 1737 707 1780 cepe
735 1723 916 1782 religata
941 1724 1162 1780 maniplos
1181 1756 1197 1778 ‚

92 1807 369 1865 Rugosaeque
398 1805 535 1864 nigris
565 1807 757 1862 pendent
783 1807 1057 1863 laquearibus
1085 1821 1186 1849 uvae
1205 1819 1223 1856 ι

93 1887 260 1931 Villica
289 1901 379 1944 quo
406 1888 578 1931 mavult
603 1901 808 1944 agrorum
839 1901 1019 1930 munere
1049 1889 1225 1943 prolem

94 1969 272 2012 Pascere
292 2001 305 2021 ,
335 1967 465 2026 quam
495 1965 624 2024 pictis
649 1969 806 2010 oculos
835 1980 1030 2009 recreare
1058 1967 1249 2010 tabellis.

93 2051 303 2094 Linteolo
333 2049 492 2093 testam
521 2047 754 2104 componit
777 2046 959 2104 vespere
990 2047 1183 2090 mensam

93 2133 210 2175 Ante
235 2132 383 2175 focum
403 2164 414 2183 ,
444 2130 477 2173 fi
501 2129 639 2187 frigus
664 2128 781 2178 erit·,
811 2129 842 2171 fi
870 2129 1039 2171 ferveat
1066 2130 1195 2172 ardor

96 2212 236 2255 Sirius
255 2244 268 2264 ,
301 2211 403 2269 igne
419 2211 577 2267 procul
596 2221 826 2267 portaeque
850 2209 1041 2265 patentis
1068 2211 1122 2253 ad
1147 2193 1296 2253 autam
1319 2214 1337 2265 ζ

97 2294 185 2337 Vel
203 2292 312 2348 jove
330 2293 408 2335 sub
426 2293 545 2336 nudo
560 2324 573 2345 ‚
594 2294 750 2349 patulae
766 2293 837 2334 vel
856 2293 908 2334 ad
928 2292 1098 2334 arboris
1114 2293 1332 2337 umbram.

159 2374 282 2428 Quid
299 2387 543 2416 memorem
560 2373 768 2429 quantum
788 2371 947 2415 mulier
964 2371 1149 2416 studiosa
1166 2374 1333 2416 laborat

98 2456 165 2501 Ut
180 2454 299 2499 facili
314 2464 441 2511 paret
453 2465 550 2497 arte
568 2452 692 2498 cibos
709 2468 726 2502 ς
753 2466 833 2496 nec
852 2453 1033 2511 pinguia
1050 2453 1189 2498 defiat
1240 2483 1246 2486 -
