1482 2834
114 256 233 340 358
314 254 678 313 PRAEDII
721 250 1141 306 Rvsrtct

115 359 321 405 Turbatis
347 358 523 402 fluitant
551 354 757 411 resupina
782 351 991 394 cadavera
1012 337 1232 402 lymphis.²

115 443 351 487 Exsultans
375 439 563 491 animis,
590 438 633 480 δε
657 433 783 479 caedis
810 429 1002 486 imagine
1026 425 1216 483 gaudens
1231 451 1250 474 ‚

115 525 251 569 Lutra
273 522 394 566 cavis
421 523 590 564 laceros
618 516 761 574 pisces
785 513 978 567 taboque
1004 506 1194 549 fluentes

120 604 369 663 (longer-it,
396 617 447 646 ac
473 614 611 645 tetros
640 598 756 641 inter
779 588 1009 652 pernot‘lat
1036 587 1219 630 odores.

181 687 371 730 Fallaces
397 682 475 727 alii
501 679 677 740 pedicas
706 678 750 721 δι
774 674 884 719 retia
905 670 1086 716 tendant
1101 681 1121 715 ὅ

121 768 212 815 vel
237 765 391 811 saturis
416 766 574 808 lutram
601 742 795 804 invitent
817 753 1044 799 succedere
1068 744 1196 791 nasfis
1214 757 1229 788 t

125 850 199 894 Tu
219 861 327 905 cape
345 846 431 890 tela
450 858 614 891 manu3
636 838 859 895 denfisque
879 829 1156 878 absconditus
1175 820 1368 876 umbris,

122 931 246 975 Dum
271 927 407 972 tacito
432 926 564 969 struet
588 923 682 979 ipsa
706 921 803 964 suas
830 931 856 960 e
881 915 1033 959 littore
1057 909 1257 959 fraudes,

124 1013 256 1054 Caede
278 1010 484 1066 ¹fatigatas
513 1004 671 1048 referet
695 1002 771 1045 vel
801 999 854 1042 ab
878 1006 1057 1053 aequore
1082 990 1228 1035 fauces
1242 1000 1260 1035 ·‚

125 1092 280 1136 Sterne
304 1090 401 1132 solo
417 1103 432 1136 ·‚
449 1085 679 1141 dulcesque
704 1080 793 1123 tuis
820 1078 872 1121 da
896 1073 1087 1140 piscibus
1113 1070 1230 1114 escas
1246 1099 1261 1120 ‚

126 1172 329 1217 Vulnere
358 1165 600 1213 confoss'am
628 1163 812 1207 mittens
838 1159 886 1202 in
910 1153 1095 1200 flumina
1117 1152 1299 1194 luti-am.

128 1255 199 1297 Ne
218 1251 346 1295 faciat
366 1263 545 1308 quoque
560 1245 667 1291 caesa
682 1254 859 1289 metus;
878 1236 982 1281 huic
998 1232 1175 1278 detrahe
1191 1228 1378 1286 pellem‚'

127 1335 279 1395 Quam
304 1332 510 1376 Matrona
535 1340 697 1386 potens
723 1323 866 1367 multo
892 1314 1155 1362 mercabitur
1181 1324 1280 1354 aere.

196 1416 242 1459 Si
271 1414 424 1456 nidum
454 1409 716 1464 tenerosque
742 1405 845 1448 ferae
874 1398 1139 1456 deprendere
1164 1394 1314 1450 pullos

133 1495 384 1554 Contigit·‚
410 1491 576 1538 absenti
601 1490 802 1534 sobolem
828 1483 1027 1528 sur-abere
1051 1475 1218 1528 matri,

133 1580 192 1623 Et
217 1580 319 1623 dum
349 1574 502 1620 mollis
528 1572 666 1617 adhuc
690 1581 794 1612 aetas
819 1562 1048 1618 facilisque
1073 1553 1223 1602 doceri
1239 1585 1256 1608 ,

136 1657 337 1706 Piscandi
364 1656 557 1700 cicurem
581 1654 742 1697 lutram
767 1642 979 1692 formabis
1005 1641 1059 1684 ad
1083 1648 1228 1685 artes·‚

138 1743 284 1798 Atque
310 1738 386 1782 ubi
411 1733 660 1780 transverso
683 1728 880 1775 steterint
905 1720 1108 1780 suspensa
1123 1717 1303 1765 -fluentq

138 1823 252 1867 Lina
277 1836 290 1870 ·,
318 1817 583 1864 cavernosos
607 1811 836 1858 rimabitur
864 1808 941 1851 illa
964 1801 1150 1848 recefi'us
1165 1831 1183 1856 ‚

139 1902 317 1958 Εὶεὲὶοε
344 1899 554 1957 specubus
580 1895 721 1952 pisces
748 1891 797 1934 in
828 1887 940 1932 retia
963 1884 1172 1928 trudens:

143 1987 208 2030 Ut
237 1975 356 2028 canis
384 1979 559 2026 excitos
589 1974 677 2035 agit
703 1973 752 2017 in
776 1969 996 2015 venabula
1022 1970 1214 2016 cervosj

145 2066 201 2110 Et
227 2065 364 2108 tacito
389 2060 584 2119 sequitur
608 2059 811 2114 leporum
837 2047 1021 2106 vestigia
1043 2044 1206 2090 rostro.

210 2147 310 2190 Hoc
337 2157 421 2201 ego
452 2142 619 2199 piscatu
644 2148 793 2180 tecum
819 2127 1097 2175 Autumnalia
1122 2137 1264 2183 nuper

149 2226 374 2283 Tempora
402 2224 608 2268 fallebam
629 2251 643 2272 ‚
667 2229 812 2261 rerum
842 2213 870 2257 ὃ
897 2207 1143 2255 suavissime
1166 2210 1176 2252 !
1200 2203 1355 2250 feffum

151 2308 193 2351 A
218 2307 366 2350 studiis
393 2307 436 2349 &
462 2305 512 2347 ab
537 2303 641 2345 urbe
656 2331 670 2352 ,
699 2309 778 2341 tuo
805 2293 882 2352 qui
909 2305 1008 2335 rure
1026 2323 1040 2344 ,
1066 2285 1236 2333 disertis

152 2389 238 2432 Sed
265 2388 421 2431 salibus
448 2397 618 2430 recreas
645 2378 809 2438 magis,
834 2375 1115 2433 ingenuoque
1140 2371 1292 2425 lepore
1307 2379 1326 2410 t

152 2471 354 2530 Namque
377 2470 506 2517 suum
529 2481 557 2515 a
579 2464 682 2514 rivo
707 2472 873 2509 nomen
895 2455 1049 2503 sortita
1063 2482 1079 2504 ,
1098 2448 1355 2511 propinquo
