1500 2886
521 272 798 330 LIBER
839 273 980 332 ΙΙΙ.
1285 290 1357 349 7¹

128 377 386 436 indulgebat
409 373 531 420 enim
555 376 674 421 duris
698 374 934 421 venatibus
950 408 966 430 ‚
993 383 1098 421 arcu

129 458 381 515 Expediens
404 457 588 504 vinum.
617 457 785 502 Primas
810 455 1021 514 Hispania
1044 453 1276 518 postquam

130 540 287 583 intulit
304 541 398 587 haec
416 539 465 583 in
483 552 615 597 regna
632 549 746 582 rates
763 553 778 588 ;
805 536 1089 604 equitequ
1107 537 1184 585 sub
1202 534 1336 587 armis

133 621 337 666 Ostendit
354 622 478 680 prior
492 653 507 675 ,
528 621 572 667 δι,
587 619 764 674 ἱιιιιᾶοε
781 620 835 665 ad
852 618 1037 683 plaustra
1053 617 1270 673 iuvencos
1289 634 1306 671 ·‚

134 703 287 746 Incola
306 717 399 748 non
416 702 623 747 homines
642 734 656 756 ,
686 702 779 747 alto
797 701 872 749 sed
889 701 941 745 ab
959 700 1120 749 aethere
1137 700 1286 759 lapsos

134 784 368 829 Adveniffe
393 795 511 828 ratus
537 784 732 840 Superos
750 815 764 837 ,
793 781 864 829 his
887 782 1034 840 paruit
1056 783 1175 827 ultro

135 865 228 919 Qui
246 847 410 908 dociles
430 866 484 910 ad
500 862 608 919 juffa
625 864 739 908 feras
758 863 949 909 habuere
967 878 982 912 ;
1012 862 1250 924 virumque

135 945 315 1003 Exiguae
345 944 463 989 ceffit
489 944 641 991 manui
664 942 764 1002 pai-s
791 945 927 989 altera
952 943 1120 992 mundi.

198 1026 426 1071 Silvestres
452 1026 626 1072 stabulis
651 1022 857 1072 animalia
881 1037 1036 1072 caetera
1059 1039 1209 1074 mores

136 1110 398 1166 Deposuere
426 1125 438 1152 2
462 1109 605 1152 boves
632 1108 800 1167 aliquid
827 1108 1015 1154 feritatis
1042 1099 1175 1155 avitae
1268 1134 1278 1141 x

138 1191 322 1246 Semper
335 1191 495 1234 habent
505 1205 519 1240 ;
529 1190 771 1254 primisque
787 1189 867 1235 nifi
884 1188 1155 1238 domitentur
1171 1186 1219 1231 in
1233 1185 1379 1240 annis,

143 1271 332 1315 Stridula
354 1272 438 1315 vix
464 1272 648 1317 subeunt
674 1274 794 1317 collo
822 1270 925 1316 dein
951 1269 1136 1328 plaustra
1158 1268 1329 1314 rebelli.

202 1352 226 1396 J
230 1367 301 1395 am
318 1351 485 1396 vitulus
503 1352 723 1411 palpantis
741 1352 837 1397 heri
856 1352 1112 1400 consuescat
1131 1350 1316 1398 amicam

142 1434 271 1476 Ferre
294 1447 472 1476 manum
492 1465 506 1487 ,
531 1434 753 1493 nexasque
772 1432 864 1493 pati
882 1447 962 1490 per
980 1446 1146 1478 cornua
1164 1433 1343 1476 frondes
1365 1463 1378 1485 ,

145 1513 284 1558 Triste
313 1514 609 1561 rudimentum
634 1513 821 1574 preffuri
845 1514 1024 1572 grandia
1052 1514 1274 1574 quondam

146 1597 275 1640 Colla
298 1595 393 1654 jugi
422 1610 436 1637 :
462 1595 601 1639 tribus
625 1594 794 1639 exactis
821 1594 919 1652 post
942 1595 1142 1642 meffibus
1160 1628 1172 1648 ,
1199 1609 1317 1649 anno

146 1676 354 1720 Nascenti
372 1709 385 1730 ‚
405 1674 642 1733 vernisque
661 1674 782 1734 prius
803 1673 933 1734 quam
951 1676 1136 1723 buculus
1156 1675 1302 1725 herbis

148 1757 363 1801 Luxuriet
381 1789 395 1811 ,
418 1756 599 1800 trimum
618 1756 789 1816 subiges
810 1773 821 1801 :
842 1771 944 1804 nam
965 1757 1119 1805 deinde
1139 1767 1385 1816 repugnant-

148 1838 343 1895 Imperio
372 1837 507 1884 medii
531 1840 605 1883 vel
631 1839 765 1883 robur
790 1839 835 1882 δι
859 1838 1051 1898 impetus
1076 1837 1167 1885 aevi
1187 1871 1200 1892 ,

148 1921 194 1962 V
196 1922 238 1963 el
264 1920 388 1978 pigra
411 1919 618 1979 segnities
637 1951 649 1974 ,
677 1918 884 1979 fleffique
912 1919 1062 1979 ignara
1086 1918 1302 1967 seneclus.

148 2001 396 2047 Indomitos
424 2000 561 2047 animi
590 2013 738 2049 motus
755 2033 770 2054 ,
802 2015 852 2045 ac
876 2000 1015 2047 totius
1043 1999 1155 2047 iram

152 2082 345 2127 Saevitiae
372 2081 580 2139 porcinus
606 2083 739 2139 adeps
766 2082 810 2125 &
837 2081 943 2126 vina
968 2082 1227 2131 resolvent3

149 2164 204 2206 Et
224 2177 314 2221 quo
332 2177 455 2207 mens
474 2162 707 2207 hominum
732 2162 838 2207 furit
852 2161 986 2207 effera
1006 2195 1018 2215 ‚
1044 2174 1192 2210 taurus
1211 2163 1368 2208 Iaccho

151 2245 331 2289 Plenior
348 2277 362 2298 ,
394 2244 572 2289 innatos
596 2243 779 2289 dediscit
803 2257 950 2289 mente
977 2245 1166 2293 furores.

214 2325 262 2368 Si
288 2326 400 2370 vino
426 2325 691 2383 dapibusque
715 2325 828 2370 datis
851 2358 864 2380 ,
894 2325 927 2369 fi
952 2324 1135 2377 nomine
1164 2326 1325 2369 blando

155 2408 441 2462 compellans
471 2406 581 2451 nihil
611 2407 810 2451 obtineas
830 2439 844 2461 ‚
875 2406 923 2453 in
948 2405 1096 2454 vincla
1120 2407 1326 2450 rebellem

166 2486 392 2545 conjicies
413 2503 428 2540 3
458 2488 695 2548 saturisque
711 2490 879 2535 bovem'
894 2487 1156 2547 praesepibus
1177 2500 1328 2533 arcens
1347 2517 1360 2540 ,

1038 2570 1072 2612 E
1105 2569 1151 2613 iv
