1500 2886
116 255 197 323 '44
369 249 694 307 PRAEDII
735 249 1098 311 Rvsnct
1164 261 1166 263 ’

176 349 250 393 11Ιί
275 351 383 394 adeo
408 353 616 395 volucres
642 351 808 396 imitati
834 367 949 398 voce
973 357 1187 417 canoras}

113 431 331 476 Dulcibus
362 432 477 477 inter
506 434 550 478 se
575 434 708 491 primi
734 435 1023 481 concentibus
1047 449 1173 480 auras

114 513 390 570 Implerunt·‚
417 517 608 559 calamos
633 515 767 560 etiam
793 517 936 577 fecere
960 520 1169 575 loquaces
1185 547 1200 570 ,

116 594 246 648 Quos
270 595 368 652 pice
396 598 471 639 vel
497 596 663 653 liquida
693 598 840 653 plures
868 597 1134 657 coniungere
1158 596 1257 642 cera
1273 628 1287 651 ,

114 675 168 717 Et
187 677 382 719 numeris
406 678 506 720 dare
525 679 659 721 verba
674 711 687 732 ‚
707 679 924 735 pedesque
949 679 1151 737 affingere
1171 677 1319 724 verbis
1348 726 1351 728 a

112 756 339 801 Instituere
359 774 372 801 ι
392 759 551 801 modos
580 758 924 816 pastoralemque
954 758 1142 802 cicutam

111 839 241 881 Nunc
265 838 400 882 etiam
427 840 566 883 Vates
595 839 849 884 adhibemus
867 873 880 894 ,
906 851 956 883 ut
981 840 1075 884 otia
1100 839 1214 884 ruris

109 917 475 976 Tranquillosque
495 920 586 964 dies
599 954 611 975 ‚
636 921 883 979 castumque
904 935 1107 966 canamus
1127 932 1342 965 amorem.

173 999 340 1042 Omnia
355 1001 492 1056 proh!
509 1002 719 1057 quantum
731 1001 878 1059 longis
894 988 1117 1046 mutantur
1132 1002 1180 1044 in
1195 1001 1319 1044 annis
1335 1005 1346 1045 ἒ

111 1080 248 1135 Quod
264 1073 406 1138 regale
423 1082 507 1125 fuit
524 1085 745 1138 quondam
758 1115 770 1135 ,
789 1084 908 1139 quod
925 1083 1133 1139 Apolline
1150 1082 1354 1144 dignum,-

111 1161 288 1204 Vilibus
316 1161 509 1205 officium
536 1163 674 1209 servis
704 1164 934 1206 mandatur
954 1178 967 1211 ;
991 1161 1197 1223 inersque

112 1242 167 1284 Et
190 1242 371 1286 stolidus
395 1243 467 1287 vir
493 1243 629 1300 pascit
658 1259 769 1288 oves
793 1261 804 1288 :
834 1259 930 1301 quae
961 1258 1064 1287 cura
1087 1242 1291 1295 manebat

109 1324 311 1381 Ingenuo
336 1337 498 1380 pueros
527 1324 636 1367 olim
665 1324 717 1367 de
745 1324 954 1382 sanguine
981 1335 1127 1368 natos.

173 1406 268 1448 Hac
286 1404 519 1449 hominum
540 1406 590 1448 de
609 1405 718 1448 faece
739 1438 753 1457 ‚
782 1404 930 1448 virum
949 1404 1033 1447 tibi
1050 1404 1184 1462 selige
1204 1402 1318 1463 frugi
1335 1437 1352 1463 2

112 1486 204 1541 Qui
224 1485 362 1543 magis
381 1485 564 1543 ingenio
583 1486 750 1542 placeat
770 1484 900 1542 quam
919 1499 1107 1542 corpore
1123 1517 1137 1538 ,
1157 1485 1314 1542 primis

112 1568 204 1622 Qui
234 1581 384 1610 curare
413 1581 565 1625 greges
583 1598 595 1619 ‚
618 1567 662 1609 &
685 1567 861 1623 pascere
888 1566 1008 1610 norit
1032 1568 1084 1612 ab
1114 1566 1239 1611 annis
1256 1599 1272 1622 ,

114 1649 399 1705 Urbanasque
424 1663 533 1704 puer
558 1662 651 1691 non
673 1647 725 1691 fit
752 1649 966 1692 formatus
992 1649 1047 1692 ad
1073 1660 1187 1692 artes
1207 1681 1222 1704 ,

109 1731 256 1787 Atque
283 1729 529 1784 iuventutis
556 1729 712 1785 primae
738 1729 1052 1773 transcenderit
1079 1743 1237 1774 annos.

110 1812 218 1854 Non
242 1823 393 1854 tamen
417 1810 465 1852 in
491 1809 661 1852 senium
686 1822 841 1868 vergat
869 1810 1119 1867 proclivior
1145 1820 1283 1860 aetau

110 1892 181 1935 Ne
208 1891 390 1948 pedibus
416 1890 500 1935 vix
522 1890 630 1934 stare
660 1904 820 1947 potens
838 1923 851 1944 ‚
877 1891 1162 1948 propioribus
1189 1889 1306 1950 agris

112 1971 278 2015 Infistat
304 1972 428 2031 piger
444 2004 457 2025 ‚
485 1983 559 2015 aut
588 1971 715 2015 molli
744 1971 971 2028 resupinus
994 1970 1043 2014 in
1066 1971 1198 2015 herba
1215 2004 1229 2023 ‚

108 2053 216 2095 Non
240 2052 445 2096 observet
470 2065 580 2094 oves
606 2067 618 2094 ι
643 2053 875 2095 oculorum
903 2065 1092 2108 namque
1121 2051 1350 2108 requirunt

112 2131 354 2174 Sublimem
378 2132 521 2175 veluti
547 2131 765 2188 speculam
787 2163 800 2183 ,
833 2145 888 2174 ne
917 2131 950 2174 fi
976 2146 1061 2188 qua
1089 2144 1286 2176 moretur
1305 2166 1320 2193 2

113 2213 204 2255 Aut
219 2213 420 2270 gregibus
439 2223 673 2268 praecurrat
690 2243 702 2264 ‚
725 2210 839 2269 agris
855 2212 930 2254 vel
951 2213 1119 2255 deerret
1137 2213 1298 2268 apertis
1317 2245 1331 2267 ,

111 2292 294 2335 Involet
315 2291 341 2335 ὲ
361 2293 540 2336 latebris
559 2293 708 2349 Lupus
730 2291 952 2335 infidiator
972 2307 986 2340 ·,
1006 2306 1231 2349 ovemque

109 2374 202 2417 Aut
224 2374 343 2415 collo
362 2373 496 2416 vehat
516 2372 763 2429 impofitam
775 2404 788 2425 ,
806 2374 881 2416 vel
902 2372 1122 2417 mordicus
1142 2387 1292 2418 aurem

111 2453 400 2509 Apprendens
416 2485 430 2506 ‚
451 2453 582 2498 saltus
604 2452 816 2510 trepidam
834 2454 1016 2497 deducat
1035 2453 1083 2497 in
1101 2455 1214 2498 altos
1230 2468 1245 2502 ·,

1494 2632 1500 2886 Q-.-m
1497 2585 1500 2621 ..-
1496 2538 1500 2574 “
1496 2522 1500 2528 i
1493 1853 1500 2511 ⁴—.-———-„—.-...-.=.—.--s.—-.-2
1494 1822 1500 1840 A
1498 1784 1500 1789 .
1494 1727 1500 1770 a..
