1500 2886
124 291 195 353 18
359 293 698 353 PRAEDIJ
738 293 1105 354 Rvsrzct

113 392 204 437 Vel
229 394 387 438 crudos
411 397 569 440 lateres
587 428 599 450 ‚
626 396 886 455 inversaque
910 397 1014 442 vasa
1039 408 1228 454 reponat

112 474 238 518 Intus
259 490 272 524 3
298 476 341 518 ὅ(
360 476 584 534 angustam
603 480 745 522 multo
765 490 883 536 tegat
903 477 1034 521 affere
1052 476 1226 524 foffam.

113 555 162 599 Si
186 555 310 598 videt
334 557 550 602 extinctas
577 558 837 616 consumpta
863 558 992 610 noste
1016 561 1245 612 lucernas.

111 634 305 696 AEraque
330 651 548 696 concepto
573 639 729 684 sudore
752 638 969 686 madentia
986 672 999 692 ,
1023 640 1168 683 lanam

114 717 403 763 Humidulam
420 752 432 773 ‚
462 720 505 764 δε
527 718 686 771 lateres
711 719 831 778 putri
856 721 1011 765 tellure
1035 720 1206 763 solutos
1228 734 1244 769 ;

114 797 299 854 Quaerat
320 815 454 858 aquas
472 834 486 855 ,
508 802 552 846 δι
570 802 602 846 fi
623 801 732 859 quid
751 803 890 845 adhue
908 800 1173 847 dubitaverit
1189 833 1201 854 ,
1223 800 1353 860 ignes

112 879 362 925 Admoveat
383 899 394 926 ε
417 896 519 927 nam
539 883 570 933 fi
595 884 832 928 nebulosos
853 882 1032 927 humida
1050 882 1197 927 fumos

111 959 336 1005 Eruckabit
353 955 514 1008 hunius
533 996 547 1017 ,
566 962 729 1007 suberit
745 963 845 1006 fons
864 964 1240 1027 largusnaquarum
1252 977 1271 1012 ⁶>

112 1038 162 1084 Si
182 1053 329 1088 tamen
346 1042 531 1089 hiberno
550 1057 644 1088 non
663 1043 815 1088 insidet
833 1044 994 1090 humor
1013 1044 1066 1086 ab
1085 1042 1239 1088 imbre.

173 1121 197 1165 J
202 1135 272 1165 am
292 1135 416 1167 terrae
437 1138 573 1181 genus
592 1123 796 1182 inspiciat
816 1141 827 1168 ε
850 1125 1018 1172 cretosa
1037 1124 1236 1181 liquores

112 1202 316 1259 Ingratos
336 1203 451 1247 dabit
472 1205 515 1248 &
534 1216 687 1248 tenues
705 1237 718 1258 ,
738 1203 995 1264 nigriorque
1014 1203 1184 1262 saporis

111 1285 290 1343 Egregii
312 1286 541 1344 lympham
565 1286 682 1330 vena
707 1285 881 1331 stillabit
906 1286 1060 1344 egena.

112 1367 262 1410 Exiles
279 1399 293 1420 ‚
320 1367 393 1411 sed
416 1366 666 1425 praecipuos
693 1366 919 1413 dulcedine
946 1367 1092 1411 fontes

114 1449 278 1496 Glarea
305 1447 526 1505 promittit
553 1463 563 1490 :
592 1449 718 1491 rubra
745 1447 860 1490 inter
884 1447 985 1491 saxa
1010 1445 1198 1504 repertis

112 1531 246 1584 Nulla
270 1527 378 1573 fides
406 1544 419 1579 ;
448 1530 618 1572 occulta
643 1542 721 1585 per
746 1526 995 1573 intervenia
1018 1527 1164 1570 rursus

113 1610 282 1668 Dilapfi
306 1609 478 1668 fugiunt
495 1643 509 1664 ‚
537 1610 581 1654 δι
606 1609 728 1666 spem
752 1607 1006 1652 frustrantur
1030 1606 1225 1655 inanem.

114 1693 290 1750 Humor
316 1692 368 1740 ah
394 1690 526 1734 inimi
547 1690 629 1748 'qui
658 1690 892 1734 defaecatur
916 1702 1046 1733 arena

112 1772 283 1817 Utilior
304 1771 529 1820 stomacho
555 1770 662 1815 fluet
680 1804 692 1824 ‚
718 1770 984 1827 uberiorque
1005 1785 1016 1813 z
1038 1769 1230 1814 salubres

114 1855 151 1909 E
178 1852 306 1899 collis
335 1851 477 1896 radice
496 1885 509 1904 ‚
535 1865 689 1909 graves
719 1851 770 1895 de
800 1850 1034 1908 pinguibus
1062 1849 1183 1893 arvis

114 1933 351 1986 Prosiliunt
368 1934 519 1977 latices
540 1947 554 1982 ·,
574 1932 648 1978 sed
666 1930 796 1988 copia
822 1929 962 1986 major
983 1945 1193 1987 aquarum
1208 1964 1226 1986 ‚
1258 1977 1260 1980 ,

113 2013 452 2072 Praecipitesque
479 2012 637 2057 cadunt
662 2010 761 2054 altis
787 2012 840 2053 de
866 2009 1090 2054 montibus
1117 2025 1286 2056 amnes.

176 2096 265 2138 Seu
286 2094 440 2138 vacuis
466 2094 585 2137 intus
608 2091 758 2148 spatiis
775 2124 789 2143 ,
813 2091 1029 2149 vistaeque
1055 2092 1226 2149 tepenti

114 2176 219 2220 Sole
238 2176 366 2220 nives
379 2207 395 2229 ‚
410 2174 643 2232 pluviique
663 2172 822 2216 imbres
842 2185 1051 2231 cogantur
1071 2189 1082 2217 ε
1104 2187 1316 2230 aquarum

116 2255 223 2310 Quo
248 2256 373 2298 velut
395 2253 594 2310 hospitio
617 2252 764 2302 fomes
794 2253 837 2294 &
860 2251 1044 2296 flumina
1061 2266 1254 2299 manant.

178 2338 265 2382 Seu
286 2334 430 2393 pelagi
450 2347 584 2380 terras
605 2333 739 2378 ambit
759 2347 855 2389 quae
872 2334 1054 2391 lympha
1074 2333 1283 2388 jacentes,

115 2415 319 2462 Occultis
344 2415 449 2458 fluat
468 2416 603 2472 usque
629 2414 718 2458 viis
731 2422 861 2457 *mare
886 2414 1033 2458 subter
1059 2416 1101 2457 &
1125 2430 1252 2473 agros
1272 2430 1289 2464 ;

116 2499 263 2556 Atque
273 2496 433 2544 undam
442 2508 612 2554 premat
621 2497 733 2539 unda
747 2495 892 2556 gravis
905 2527 918 2550 ,
933 2495 1202 2553 studiumque
1211 2496 1429 2554 propellat
