1500 2886
150 283 223 342 82
391 278 1191 341 PRAEDH‘Rvsrtct‘

145 383 362 433 Abstulit·,
389 384 610 428 exanimis
637 383 751 427 cadit
775 384 863 427 heu
887 388 898 428 l
927 384 1108 428 mustela
1130 399 1311 431 veneno

145 465 342 523 Turgida
366 480 377 508 :
404 479 505 508 nam
530 476 632 509 toto
655 477 800 509 rutam
820 467 924 508 dum
951 466 1154 523 queritat
1179 481 1285 525 agro
1303 499 1321 522 ‚

148 546 314 591 Intima
343 548 474 591 corda
497 547 612 590 subit
637 546 726 602 jam
749 562 843 591 non
871 547 1128 599 medicabile
1148 548 1294 596 virus.

209 628 411 672 Poeoniis
435 628 468 671 fi
494 641 602 672 nota
627 629 743 673 foret
766 629 840 673 vis
867 628 992 672 insit-a
1019 630 1182 686 plantis
1203 663 1218 685 ,

148 709 280 763 Quos
305 720 471 752 metuat
495 709 614 753 casus
639 709 746 753 vitae
771 710 970 753 mortalis
995 710 1157 768 egestas
1179 715 1192 756 Ξ

147 789 336 847 Ingenio
363 789 558 834 nostrum
584 791 646 835 est
668 791 836 849 usuque
862 804 1014 848 parare
1039 792 1248 851 magistro

149 871 286 925 Quod
314 871 464 915 docuit
489 874 655 915 Natura
682 873 795 916 feras
821 871 995 916 ratione
1019 886 1237 928 carentes,

85 978 88 981 ,
149 951 235 995 His
262 950 440 996 ducibus
468 953 694 998 Medicina
723 954 819 998 suas
846 953 1080 1010 instantior
1109 967 1224 999 artes

148 1031 337 1076 Edidicit
362 1049 374 1077 t
396 1035 542 1091 -longo
566 1035 796 1092 peregrina
821 1015 997 1079 ciconiii
1021 1035 1163 1079 rostro

148 1112 298 1156 Prima
323 1114 567 1159 salutiferos
591 1117 823 1160 herbarum
846 1115 895 1159 in
920 1116 1088 1160 viscera
1113 1117 1269 1162 succos

150 1195 313 1238 Indidit
338 1211 350 1240 t
371 1196 664 1253 ⁴hippo'tamus
690 1197 824 1252 junco
854 1196 932 1240 fibi
955 1198 1125 1255 primus
1149 1210 1282 1243 acuto

149 1277 310 1320 Incidit
336 1276 478 1320 nimio
507 1279 737 1321 salientem
765 1278 974 1336 sanguine
1000 1290 1195 1329 venatus

151 1357 492 1416 Abstergensque
516 1358 603 1402 cibi
626 1357 792 1401 fastidia
816 1358 1015 1416 gramine
1034 1391 1048 1412 ,
1075 1358 1197 1403 vires

152 1439 334 1482 Extudit
349 1439 579 1483 herbarum
597 1438 717 1482 canis
737 1471 750 1492 ,
783 1440 827 1482 δι
845 1438 1152 1483 medicaminis
1171 1439 1317 1486 usumss

212 1520 283 1562 Est
306 1520 418 1577 lapis
445 1521 541 1564 Eoo
567 1535 708 1578 nuper
733 1521 899 1564 delatus
926 1521 978 1563 ab
1007 1520 1115 1562 orbe

153 1601 368 1659 Subniger
390 1602 434 1644 δε
457 1601 605 1645 levior
621 1633 634 1654 ‚
661 1601 911 1657 serpentum
939 1599 1122 1643 nomine
1147 1599 1285 1644 dictus
1306 1633 1325 1655 ,

151 1684 300 1738 Quem
326 1683 358 1726 fi
376 1695 521 1727 tecum
540 1684 700 1726 habeas
717 1715 731 1736 ,
760 1681 911 1726 secura
929 1681 1141 1726 innoxius
1160 1695 1323 1740 angues

151 1763 249 1809 Jam
269 1762 436 1820 poteris
455 1762 637 1807 trafiare
657 1777 804 1807 manu.
830 1761 1054 1819 Serpentis
1075 1763 1129 1805 ad
1145 1761 1282 1806 i&um

153 1843 401 1901 Applicitus
426 1843 539 1899 lapis
563 1843 612 1886 in
635 1844 725 1886 sese
749 1843 882 1886 trahit
908 1857 1041 1887 omne
1066 1857 1288 1887 venenum
1309 1875 1327 1898 ‚

153 1926 290 1981 Quod
307 1924 502 1968 revomit
518 1926 593 1967 vel
612 1924 726 1981 aqu&
745 1925 909 1967 mersus
929 1925 1004 1967 vel
1021 1923 1132 1967 laste
1150 1925 1340 1982 tepenti.

151 2006 278 2062 Quin
299 2007 343 2049 &
369 2005 642 2048 mortiferam
664 2005 779 2062 lapis
804 2006 923 2048 idem
945 2003 1062 2062 sugit
1086 2006 1137 2048 ab
1162 2005 1263 2049 altis

154 2087 426 2132 Vulneribus
449 2070 594 2130 tabem
613 2101 627 2135 ·,
657 2087 882 2143 plagaeque
906 2083 1102 2128 tenacius
1127 2085 1264 2130 haeret
1282 2118 1300 2140 ,

155 2169 310 2212 Ebrius
337 2167 541 2211 exhausti
565 2166 685 2209 sanie
712 2169 815 2209 dum
840 2165 1000 2210 labitur
1029 2167 1163 2210 ultro.

214 2250 445 2292 Lethiferae
466 2249 571 2305 quid
594 2248 686 2291 dira
718 2250 875 2305 loquar
897 2247 1099 2304 contagia
1121 2245 1252 2303 pestis
1271 2277 1291 2300 ‚

157 2330 270 2384 Quae
301 2329 518 2372 desolatos
550 2329 684 2372 tauri-s
713 2329 957 2371 cultoribus
986 2342 1116 2385 agros

156 2408 380 2465 Praecipiti
404 2408 587 2451 viduant
613 2409 745 2452 casu?
776 2422 854 2464 per
879 2408 1015 2450 florea
1041 2406 1192 2463 paffim

159 2491 278 2534 Arva
297 2520 311 2544 ,
336 2502 416 2547 per
437 2476 647 2534 herbosos
667 2491 799 2534 saltus
819 2491 1071 2534 moriuntur
1092 2520 1107 2545 ,
1133 2488 1177 2539 &
1199 2500 1327 2531 auras
