1500 2834
479 233 547 293 “L
568 252 599 294 1
621 250 791 294 BER
843 232 1011 294 VII.
1095 256 1118 299 ῃ
1249 227 1371 306 ’167

146 357 147 360 =
181 330 333 390 Quare
348 333 481 396 agite,
497 338 727 395 antiquum
742 337 874 395 patrii
888 347 1152 381 revocemus
1169 345 1369 377 amorem

48 412 51 414 ’
119 414 253 461 Ruris
280 433 294 467 ;
322 419 366 462 δι
390 419 616 478 Agricolas
645 433 786 464 artem
811 421 1049 467 doceamus
1072 417 1301 460 alumnam

117 496 316 547 Virtutis
333 532 348 554 ‚
373 499 478 545 fidei
501 500 713 545 comitem
730 533 744 554 ‚
770 512 1038 556 morumque
1067 494 1335 554 magist-ram.

182 580 428 628 Mobilibus
454 582 555 628 sunt
584 582 662 640 qui
690 581 888 630 numeris
919 578 1145 629 inflectere
1170 589 1360 630 vocem,

116 658 328 705 Plaudere
346 662 423 720 qui
446 663 628 720 pedibus
645 663 830 707 choreas
847 694 862 717 ,
886 662 965 720 qui
983 661 1115 710 caedis
1140 670 1337 704 amantes

115 743 458 800 Formantesque
482 757 637 787 manus
655 743 705 787 in
719 755 872 793 mutua
893 743 1046 789 funera
1058 730 1356 797 ,Wpromptam

111 822 212 867 Heu
234 828 246 868 1
277 823 466 868 nimium
489 826 608 869 ferro
634 824 878 869 monstrent
900 823 1117 870 accersere
1143 833 1359 867 mortem.

171 904 305 948 Ruris
329 918 379 949 ut
405 906 499 964 ipsa
525 907 606 951 suo
633 921 814 965 quoque
841 905 1072 963 disciplina
1089 903 1310 962 magistro

115 984 319 1030 Gaudeat
340 975 366 1036 ;s
381 988 426 1030 δι
450 988 618 1046 campis
643 989 719 1033 sua
744 989 830 1033 smt
846 998 1065 1046 praecepta
1090 986 1290 1036 colendis
1309 999 1324 1035 ;

111 1066 225 1121 Quae
243 1067 434 1112 veniunt
451 1070 724 1126 properanda
740 1083 868 1114 novo
884 1067 975 1123 jam
992 1081 1099 1113 vere
1119 1099 1132 1120 ‚
1157 1066 1263 1124 quid
1281 1063 1402 1111 aestas

115 1148 454 1207 Autumnusque
471 1162 658 1193 monent
669 1182 683 1204 ,
703 1163 816 1208 quos
835 1163 936 1193 rute
953 1146 1164 1204 domique
1181 1147 1355 1194 labores

112 1228 334 1287 Agricolis
355 1230 574 1287 permittit
597 1230 742 1275 hiems
770 1230 931 1289 ignava
945 1261 959 1282 ‚
985 1229 1185 1278 doceb03

113 1309 272 1354 Annua
298 1324 379 1367 per
401 1311 548 1355 varias
575 1310 762 1368 partitus
787 1321 992 1366 tempora
1015 1322 1156 1352 curas.

174 1393 362 1436 AEterno
387 1391 618 1451 postquam
643 1393 818 1438 soboles
844 1406 1041 1450 aequaeva
1063 1390 1238 1448 parenti

113 1472 264 1518 Induit
290 1473 508 1518 humanos
534 1485 654 1518 artus
675 1507 688 1528 ‚
715 1472 1013 1531 promiffaque
1029 1460 1170 1524 ‘terris

110 1554 320 1609 Auxilia,
349 1556 395 1599 &
421 1554 587 1604 tedium
610 1539 792 1598 mortali
815 1568 1004 1612 corpore
1031 1556 1210 1599 Numen

108 1635 274 1679 Attulit
303 1650 319 1685 3
350 1650 410 1680 ex
435 1635 519 1680 illo
544 1635 678 1680 nobis
704 1635 967 1681 revolubilis
994 1650 1134 1680 annus

108 1715 304 1772 Incipit:
330 1715 559 1761 effundens
583 1717 778 1774 primum
803 1701 890 1776 qua
913 1719 1014 1762 luce
1038 1731 1242 1763 cruorem

108 1798 332 1856 Ingenitas
360 1798 535 1842 homini
562 1800 688 1849 Deus
714 1799 852 1844 abluit
875 1799 1017 1844 hostia
1040 1801 1176 1851 maes.
1253 1785 1257 1789 ’

105 1881 213 1924 Inde
238 1879 500 1939 resurgentis
524 1891 759 1924 numerant
782 1879 1027 1938 primordia
1050 1882 1237 1933 mundi;

105 1961 162 2009 Et
187 1975 333 2005 novus
359 1975 386 2004 a
413 1960 587 2006 Christo
614 1961 833 2006 seclorum
860 1962 1050 2006 nascitur
1075 1965 1206 2008 ordo.

164 2043 378 2089 Naturam
386 2042 540 2100 sequar
549 2041 643 2099 ipse
654 2043 809 2087 ducem
821 2057 834 2092 ;
846 2045 1100 2101 coelumque
1110 2045 1339 2090 recludens
1427 2091 1429 2093 ,

103 2123 441 2181 ‘serpentesque
465 2123 580 2168 finus
604 2134 732 2168 terrae
750 2156 764 2178 ,
787 2125 992 2169 reserabit
1018 2126 1062 2168 &
1086 2140 1250 2172 annum
1332 2164 1335 2169 4

104 2203 344 2261 Purpureis
359 2203 471 2248 mihi
484 2218 567 2249 ver
578 2204 778 2249 manibus
791 2220 805 2255 ⁰,
816 2205 1094 2264 viridemque
1109 2206 1338 2262 juventam

104 2286 221 2328 Ante
246 2299 423 2340 canam,
445 2286 576 2331 tristis
601 2301 847 2333 memorem
873 2287 1005 2345 quam
1019 2290 1139 2334 tarda
1154 2290 1337 2334 seneOtae

100 2366 333 2423 Tempora
350 2382 365 2412 t
393 2381 495 2412 nam
520 2380 710 2426 quatuor
735 2369 902 2415 divisus
928 2370 1123 2427 partibus
1153 2385 1292 2420 annus

104 2438 322 2497 Humanae
351 2447 541 2512 pet-festa
567 2450 701 2496 refert
729 2449 975 2499 imitamina
1000 2452 1126 2497 vitae.

981 2534 1019 2583 L.
1048 2532 1097 2582 iv
