<?xml version="1.0" encoding="UTF-8"?>
<!DOCTYPE html PUBLIC "-//W3C//DTD XHTML 1.0 Transitional//EN"
    "http://www.w3.org/TR/xhtml1/DTD/xhtml1-transitional.dtd">
<html xmlns="http://www.w3.org/1999/xhtml" xml:lang="en" lang="en">
 <head>
  <title>
</title>
<meta http-equiv="Content-Type" content="text/html;charset=utf-8" />
  <meta name='ocr-system' content='tesseract 3.04.00' />
  <meta name='ocr-capabilities' content='ocr_page ocr_carea ocr_par ocr_line ocrx_word'/>
</head>
<body>
  <div class='ocr_page' id='page_1' title='image "./praediumrusticum00vaniuoft_0421.png"; bbox 0 0 1482 2834; ppageno 0'>
   <div class='ocr_carea' id='block_1_1' title="bbox 500 230 1390 312">
    <p class='ocr_par' dir='ltr' id='par_1_1' title="bbox 500 230 1390 312">
     <span class='ocr_line' id='line_1_1' title="bbox 500 230 1390 312; baseline -0.006 -16"><span class='ocrx_word' id='word_1_1' title='bbox 500 239 807 296; x_wconf 14' lang='lat' dir='ltr'>Leman</span> <span class='ocrx_word' id='word_1_2' title='bbox 877 235 1086 312; x_wconf 73' lang='lat' dir='ltr'>XVI,</span> <span class='ocrx_word' id='word_1_3' title='bbox 1273 230 1390 310; x_wconf 87' lang='lat'>397</span> 
     </span>
    </p>
   </div>
   <div class='ocr_carea' id='block_1_2' title="bbox 161 337 1421 2507">
    <p class='ocr_par' dir='ltr' id='par_1_2' title="bbox 162 337 1216 398">
     <span class='ocr_line' id='line_1_2' title="bbox 162 337 1216 398; baseline -0.008 -12"><span class='ocrx_word' id='word_1_4' title='bbox 162 342 219 386; x_wconf 80' lang='lat' dir='ltr'>Se</span> <span class='ocrx_word' id='word_1_5' title='bbox 243 352 369 386; x_wconf 86' lang='lat' dir='ltr'>tanto</span> <span class='ocrx_word' id='word_1_6' title='bbox 394 342 590 386; x_wconf 85' lang='lat' dir='ltr'>elamore</span> <span class='ocrx_word' id='word_1_7' title='bbox 616 339 740 398; x_wconf 86' lang='lat' dir='ltr'>peti,</span> <span class='ocrx_word' id='word_1_8' title='bbox 762 353 845 383; x_wconf 87' lang='lat' dir='ltr'>nec</span> <span class='ocrx_word' id='word_1_9' title='bbox 871 353 1016 383; x_wconf 80' lang='lat' dir='ltr'>vanus</span> <span class='ocrx_word' id='word_1_10' title='bbox 1040 337 1216 381; x_wconf 83' lang='lat' dir='ltr'>oberret</span> 
     </span>
    </p>

    <p class='ocr_par' dir='ltr' id='par_1_3' title="bbox 161 418 1402 879">
     <span class='ocr_line' id='line_1_3' title="bbox 161 418 1372 479; baseline -0.008 -12"><span class='ocrx_word' id='word_1_11' title='bbox 161 423 254 468; x_wconf 86' lang='lat' dir='ltr'>Ima</span> <span class='ocrx_word' id='word_1_12' title='bbox 272 437 350 479; x_wconf 86' lang='lat' dir='ltr'>per</span> <span class='ocrx_word' id='word_1_13' title='bbox 368 423 459 466; x_wconf 87' lang='lat' dir='ltr'>offa</span> <span class='ocrx_word' id='word_1_14' title='bbox 477 436 644 466; x_wconf 84' lang='lat' dir='ltr'>tremor</span> <span class='ocrx_word' id='word_1_15' title='bbox 661 437 675 472; x_wconf 93' lang='lat'>·,</span> <span class='ocrx_word' id='word_1_16' title='bbox 698 421 845 479; x_wconf 87' lang='lat' dir='ltr'>primo</span> <span class='ocrx_word' id='word_1_17' title='bbox 864 433 1019 464; x_wconf 86' lang='lat' dir='ltr'>tamen</span> <span class='ocrx_word' id='word_1_18' title='bbox 1031 418 1198 475; x_wconf 87' lang='lat' dir='ltr'>impete</span> <span class='ocrx_word' id='word_1_19' title='bbox 1213 428 1372 459; x_wconf 80' lang='lat' dir='ltr'>cervus</span> 
     </span>
     <span class='ocr_line' id='line_1_4' title="bbox 162 495 1295 561; baseline -0.005 -15"><span class='ocrx_word' id='word_1_20' title='bbox 162 502 418 546; x_wconf 79' lang='lat' dir='ltr'>Mobilitate</span> <span class='ocrx_word' id='word_1_21' title='bbox 447 505 608 560; x_wconf 87' lang='lat' dir='ltr'>pedum</span> <span class='ocrx_word' id='word_1_22' title='bbox 637 502 762 561; x_wconf 78' lang='lat' dir='ltr'>viget</span> <span class='ocrx_word' id='word_1_23' title='bbox 779 535 792 555; x_wconf 84' lang='lat'>,</span> <span class='ocrx_word' id='word_1_24' title='bbox 821 502 866 544; x_wconf 66' lang='grc' dir='ltr'>ὅ(</span> <span class='ocrx_word' id='word_1_25' title='bbox 892 499 1150 556; x_wconf 84' lang='lat' dir='ltr'>juveniliter</span> <span class='ocrx_word' id='word_1_26' title='bbox 1176 495 1295 556; x_wconf 84' lang='lat' dir='ltr'>agris</span> 
     </span>
     <span class='ocr_line' id='line_1_5' title="bbox 162 582 1222 636; baseline -0.001 -12"><span class='ocrx_word' id='word_1_27' title='bbox 162 583 374 627; x_wconf 86' lang='lat' dir='ltr'>Exultans</span> <span class='ocrx_word' id='word_1_28' title='bbox 391 617 404 636; x_wconf 85' lang='lat'>‚</span> <span class='ocrx_word' id='word_1_29' title='bbox 432 585 519 627; x_wconf 85' lang='lat' dir='ltr'>aevi</span> <span class='ocrx_word' id='word_1_30' title='bbox 547 583 706 628; x_wconf 82' lang='lat' dir='ltr'>florem</span> <span class='ocrx_word' id='word_1_31' title='bbox 735 582 946 626; x_wconf 85' lang='lat' dir='ltr'>mentitur</span> <span class='ocrx_word' id='word_1_32' title='bbox 963 614 977 636; x_wconf 88' lang='lat'>,</span> <span class='ocrx_word' id='word_1_33' title='bbox 1008 582 1052 625; x_wconf 87' lang='lat'>&amp;</span> <span class='ocrx_word' id='word_1_34' title='bbox 1081 594 1222 625; x_wconf 87' lang='lat' dir='ltr'>annos</span> 
     </span>
     <span class='ocr_line' id='line_1_6' title="bbox 163 636 1297 722; baseline -0.005 -13"><span class='ocrx_word' id='word_1_35' title='bbox 163 664 358 722; x_wconf 83' lang='lat' dir='ltr'>(Astutae</span> <span class='ocrx_word' id='word_1_36' title='bbox 388 665 505 708; x_wconf 85' lang='lat' dir='ltr'>fraus</span> <span class='ocrx_word' id='word_1_37' title='bbox 530 636 837 721; x_wconf 49' lang='lat' dir='ltr'>primaq&#39;erae)</span> <span class='ocrx_word' id='word_1_38' title='bbox 867 663 977 720; x_wconf 86' lang='lat' dir='ltr'>tegit</span> <span class='ocrx_word' id='word_1_39' title='bbox 1003 661 1109 705; x_wconf 88' lang='lat' dir='ltr'>alite</span> <span class='ocrx_word' id='word_1_40' title='bbox 1137 659 1297 709; x_wconf 86' lang='lat' dir='ltr'>cursu·‚</span> 
     </span>
     <span class='ocr_line' id='line_1_7' title="bbox 165 734 1402 802; baseline -0.006 -13"><span class='ocrx_word' id='word_1_41' title='bbox 165 748 417 802; x_wconf 88' lang='lat' dir='ltr'>Conceptas</span> <span class='ocrx_word' id='word_1_42' title='bbox 442 758 490 788; x_wconf 90' lang='lat' dir='ltr'>ut</span> <span class='ocrx_word' id='word_1_43' title='bbox 515 745 612 801; x_wconf 82' lang='lat' dir='ltr'>spes</span> <span class='ocrx_word' id='word_1_44' title='bbox 636 743 832 787; x_wconf 86' lang='lat' dir='ltr'>adimens</span> <span class='ocrx_word' id='word_1_45' title='bbox 853 734 1139 800; x_wconf 84' lang='lat' dir='ltr'>animumque</span> <span class='ocrx_word' id='word_1_46' title='bbox 1165 738 1402 798; x_wconf 80' lang='lat' dir='ltr'>sequendi,</span> 
     </span>
     <span class='ocr_line' id='line_1_8' title="bbox 166 812 1176 879; baseline -0.003 -10"><span class='ocrx_word' id='word_1_47' title='bbox 166 827 353 870; x_wconf 83' lang='lat' dir='ltr'>Suadeat</span> <span class='ocrx_word' id='word_1_48' title='bbox 377 826 554 868; x_wconf 85' lang='lat' dir='ltr'>alterius</span> <span class='ocrx_word' id='word_1_49' title='bbox 579 825 763 868; x_wconf 84' lang='lat' dir='ltr'>latebras</span> <span class='ocrx_word' id='word_1_50' title='bbox 787 822 1012 879; x_wconf 79' lang='lat' dir='ltr'>inquirere</span> <span class='ocrx_word' id='word_1_51' title='bbox 1036 812 1176 866; x_wconf 56' lang='lat' dir='ltr'>Cervi.</span> 
     </span>
    </p>

    <p class='ocr_par' dir='ltr' id='par_1_4' title="bbox 168 900 1410 1119">
     <span class='ocr_line' id='line_1_9' title="bbox 230 900 1410 962; baseline -0.003 -12"><span class='ocrx_word' id='word_1_52' title='bbox 230 908 349 950; x_wconf 81' lang='lat' dir='ltr'>Mox</span> <span class='ocrx_word' id='word_1_53' title='bbox 367 906 443 949; x_wconf 87' lang='lat' dir='ltr'>ubi</span> <span class='ocrx_word' id='word_1_54' title='bbox 462 916 703 948; x_wconf 87' lang='lat' dir='ltr'>venantum</span> <span class='ocrx_word' id='word_1_55' title='bbox 720 936 734 958; x_wconf 89' lang='lat'>,</span> <span class='ocrx_word' id='word_1_56' title='bbox 758 902 858 962; x_wconf 83' lang='lat' dir='ltr'>juga</span> <span class='ocrx_word' id='word_1_57' title='bbox 877 902 974 960; x_wconf 86' lang='lat' dir='ltr'>post</span> <span class='ocrx_word' id='word_1_58' title='bbox 993 901 1244 947; x_wconf 86' lang='lat' dir='ltr'>frondentia</span> <span class='ocrx_word' id='word_1_59' title='bbox 1262 934 1275 955; x_wconf 90' lang='lat'>,</span> <span class='ocrx_word' id='word_1_60' title='bbox 1296 901 1340 945; x_wconf 89' lang='lat' dir='ltr'>se</span> <span class='ocrx_word' id='word_1_61' title='bbox 1359 900 1410 946; x_wconf 78' lang='lat' dir='ltr'>se</span> 
     </span>
     <span class='ocr_line' id='line_1_10' title="bbox 168 984 1285 1050; baseline -0.004 -18"><span class='ocrx_word' id='word_1_62' title='bbox 168 987 357 1050; x_wconf 79' lang='lat' dir='ltr'>Abstulit</span> <span class='ocrx_word' id='word_1_63' title='bbox 381 1002 441 1031; x_wconf 86' lang='lat' dir='ltr'>ex</span> <span class='ocrx_word' id='word_1_64' title='bbox 463 987 605 1031; x_wconf 83' lang='lat' dir='ltr'>oculis</span> <span class='ocrx_word' id='word_1_65' title='bbox 631 1002 646 1037; x_wconf 66' lang='grc' dir='ltr'><strong>ς</strong></span> <span class='ocrx_word' id='word_1_66' title='bbox 670 985 852 1044; x_wconf 86' lang='lat' dir='ltr'>pedibus</span> <span class='ocrx_word' id='word_1_67' title='bbox 877 985 1066 1038; x_wconf 87' lang='lat' dir='ltr'>diffisus,</span> <span class='ocrx_word' id='word_1_68' title='bbox 1092 985 1146 1028; x_wconf 91' lang='lat' dir='ltr'>ad</span> <span class='ocrx_word' id='word_1_69' title='bbox 1171 984 1285 1027; x_wconf 89' lang='lat' dir='ltr'>astus</span> 
     </span>
     <span class='ocr_line' id='line_1_11' title="bbox 169 1065 1269 1119; baseline -0.005 -6"><span class='ocrx_word' id='word_1_70' title='bbox 169 1069 323 1115; x_wconf 85' lang='lat' dir='ltr'>‘Vertit</span> <span class='ocrx_word' id='word_1_71' title='bbox 348 1069 392 1112; x_wconf 90' lang='lat' dir='ltr'>se</span> <span class='ocrx_word' id='word_1_72' title='bbox 419 1068 611 1117; x_wconf 79' lang='lat' dir='ltr'>solitos3</span> <span class='ocrx_word' id='word_1_73' title='bbox 638 1066 759 1110; x_wconf 64' lang='lat' dir='ltr'>recto</span> <span class='ocrx_word' id='word_1_74' title='bbox 788 1079 871 1109; x_wconf 89' lang='lat' dir='ltr'>nec</span> <span class='ocrx_word' id='word_1_75' title='bbox 898 1065 1076 1108; x_wconf 83' lang='lat' dir='ltr'>tramite</span> <span class='ocrx_word' id='word_1_76' title='bbox 1102 1066 1269 1119; x_wconf 85' lang='lat' dir='ltr'>fertur,</span> 
     </span>
    </p>

    <p class='ocr_par' dir='ltr' id='par_1_5' title="bbox 170 1145 1379 1449">
     <span class='ocr_line' id='line_1_12' title="bbox 170 1145 1379 1206; baseline -0.005 -12"><span class='ocrx_word' id='word_1_77' title='bbox 170 1152 258 1196; x_wconf 83' lang='lat' dir='ltr'>Sed</span> <span class='ocrx_word' id='word_1_78' title='bbox 281 1164 360 1206; x_wconf 88' lang='lat' dir='ltr'>per</span> <span class='ocrx_word' id='word_1_79' title='bbox 385 1148 472 1192; x_wconf 86' lang='lat' dir='ltr'>itus</span> <span class='ocrx_word' id='word_1_80' title='bbox 497 1148 745 1205; x_wconf 69' lang='lat' dir='ltr'>reditusque</span> <span class='ocrx_word' id='word_1_81' title='bbox 762 1179 775 1200; x_wconf 87' lang='lat'>,</span> <span class='ocrx_word' id='word_1_82' title='bbox 806 1147 967 1203; x_wconf 85' lang='lat' dir='ltr'>pedum</span> <span class='ocrx_word' id='word_1_83' title='bbox 991 1145 1178 1204; x_wconf 83' lang='lat' dir='ltr'>vestigia</span> <span class='ocrx_word' id='word_1_84' title='bbox 1203 1146 1379 1196; x_wconf 85' lang='lat' dir='ltr'>turbat·,</span> 
     </span>
     <span class='ocr_line' id='line_1_13' title="bbox 171 1227 1377 1286; baseline -0.002 -11"><span class='ocrx_word' id='word_1_85' title='bbox 171 1232 261 1275; x_wconf 84' lang='lat' dir='ltr'>Vel</span> <span class='ocrx_word' id='word_1_86' title='bbox 286 1230 435 1274; x_wconf 80' lang='lat' dir='ltr'>curvis</span> <span class='ocrx_word' id='word_1_87' title='bbox 459 1242 643 1286; x_wconf 85' lang='lat' dir='ltr'>magnos</span> <span class='ocrx_word' id='word_1_88' title='bbox 669 1227 821 1285; x_wconf 83' lang='lat' dir='ltr'>spatiis</span> <span class='ocrx_word' id='word_1_89' title='bbox 845 1241 985 1284; x_wconf 82' lang='lat' dir='ltr'>vagus</span> <span class='ocrx_word' id='word_1_90' title='bbox 1013 1240 1128 1271; x_wconf 90' lang='lat' dir='ltr'>errat</span> <span class='ocrx_word' id='word_1_91' title='bbox 1149 1227 1198 1271; x_wconf 87' lang='lat' dir='ltr'>in</span> <span class='ocrx_word' id='word_1_92' title='bbox 1217 1229 1345 1272; x_wconf 82' lang='lat' dir='ltr'>orbes</span> <span class='ocrx_word' id='word_1_93' title='bbox 1363 1243 1377 1272; x_wconf 77' lang='lat' dir='ltr'><strong><em>z</em></strong></span> 
     </span>
     <span class='ocr_line' id='line_1_14' title="bbox 170 1294 1350 1366; baseline -0.003 -10"><span class='ocrx_word' id='word_1_94' title='bbox 170 1312 290 1356; x_wconf 87' lang='lat' dir='ltr'>Tum</span> <span class='ocrx_word' id='word_1_95' title='bbox 308 1294 409 1355; x_wconf 82' lang='lat' dir='ltr'>leve</span> <span class='ocrx_word' id='word_1_96' title='bbox 427 1324 588 1366; x_wconf 86' lang='lat' dir='ltr'>corpus</span> <span class='ocrx_word' id='word_1_97' title='bbox 605 1308 729 1352; x_wconf 85' lang='lat' dir='ltr'>humi</span> <span class='ocrx_word' id='word_1_98' title='bbox 749 1308 888 1353; x_wconf 84' lang='lat' dir='ltr'>mittit</span> <span class='ocrx_word' id='word_1_99' title='bbox 903 1310 1059 1365; x_wconf 83' lang='lat' dir='ltr'>procul</span> <span class='ocrx_word' id='word_1_100' title='bbox 1079 1307 1186 1352; x_wconf 87' lang='lat' dir='ltr'>alite</span> <span class='ocrx_word' id='word_1_101' title='bbox 1208 1309 1321 1353; x_wconf 88' lang='lat' dir='ltr'>saltu</span> <span class='ocrx_word' id='word_1_102' title='bbox 1334 1341 1350 1364; x_wconf 86' lang='lat'>,</span> 
     </span>
     <span class='ocr_line' id='line_1_15' title="bbox 174 1388 1252 1449; baseline -0.002 -12"><span class='ocrx_word' id='word_1_103' title='bbox 174 1392 435 1449; x_wconf 87' lang='lat' dir='ltr'>Indeptensa</span> <span class='ocrx_word' id='word_1_104' title='bbox 458 1391 764 1434; x_wconf 69' lang='lat' dir='ltr'>canessallant</span> <span class='ocrx_word' id='word_1_105' title='bbox 789 1402 838 1445; x_wconf 86' lang='lat' dir='ltr'>ut</span> <span class='ocrx_word' id='word_1_106' title='bbox 863 1389 982 1448; x_wconf 87' lang='lat' dir='ltr'>figna</span> <span class='ocrx_word' id='word_1_107' title='bbox 1002 1388 1252 1447; x_wconf 87' lang='lat' dir='ltr'>sequentes.</span> 
     </span>
    </p>

    <p class='ocr_par' dir='ltr' id='par_1_6' title="bbox 174 1471 1421 2261">
     <span class='ocr_line' id='line_1_16' title="bbox 237 1471 1342 1532; baseline -0.001 -15"><span class='ocrx_word' id='word_1_108' title='bbox 237 1473 420 1532; x_wconf 84' lang='lat' dir='ltr'>Pinguia</span> <span class='ocrx_word' id='word_1_109' title='bbox 444 1472 478 1519; x_wconf 83' lang='lat' dir='ltr'><strong>fi</strong></span> <span class='ocrx_word' id='word_1_110' title='bbox 501 1485 673 1516; x_wconf 87' lang='lat' dir='ltr'>taurum</span> <span class='ocrx_word' id='word_1_111' title='bbox 698 1471 862 1529; x_wconf 84' lang='lat' dir='ltr'>reperit</span> <span class='ocrx_word' id='word_1_112' title='bbox 886 1485 965 1528; x_wconf 90' lang='lat' dir='ltr'>per</span> <span class='ocrx_word' id='word_1_113' title='bbox 988 1472 1144 1529; x_wconf 84' lang='lat' dir='ltr'>pascua</span> <span class='ocrx_word' id='word_1_114' title='bbox 1162 1504 1176 1526; x_wconf 89' lang='lat'>‚</span> <span class='ocrx_word' id='word_1_115' title='bbox 1206 1471 1342 1517; x_wconf 85' lang='lat' dir='ltr'>dorso</span> 
     </span>
     <span class='ocr_line' id='line_1_17' title="bbox 174 1552 1285 1611; baseline -0.002 -12"><span class='ocrx_word' id='word_1_116' title='bbox 174 1554 316 1600; x_wconf 89' lang='lat' dir='ltr'>Infilit</span> <span class='ocrx_word' id='word_1_117' title='bbox 340 1570 356 1605; x_wconf 68' lang='grc' dir='ltr'><strong>ς</strong></span> <span class='ocrx_word' id='word_1_118' title='bbox 387 1555 431 1598; x_wconf 87' lang='lat'>&amp;</span> <span class='ocrx_word' id='word_1_119' title='bbox 455 1553 585 1597; x_wconf 82' lang='lat' dir='ltr'>costis</span> <span class='ocrx_word' id='word_1_120' title='bbox 609 1554 778 1596; x_wconf 78' lang='lat' dir='ltr'>haerens</span> <span class='ocrx_word' id='word_1_121' title='bbox 794 1584 807 1605; x_wconf 89' lang='lat'>‚</span> <span class='ocrx_word' id='word_1_122' title='bbox 835 1563 1097 1610; x_wconf 86' lang='lat' dir='ltr'>uterumque</span> <span class='ocrx_word' id='word_1_123' title='bbox 1121 1552 1285 1611; x_wconf 83' lang='lat' dir='ltr'>rigenti</span> 
     </span>
     <span class='ocr_line' id='line_1_18' title="bbox 180 1633 1358 1692; baseline 0 -13"><span class='ocrx_word' id='word_1_124' title='bbox 180 1638 535 1692; x_wconf 72' lang='lat' dir='ltr'>ealce-premens</span> <span class='ocrx_word' id='word_1_125' title='bbox 553 1668 566 1688; x_wconf 87' lang='lat'>,</span> <span class='ocrx_word' id='word_1_126' title='bbox 592 1636 782 1679; x_wconf 86' lang='lat' dir='ltr'>celerare</span> <span class='ocrx_word' id='word_1_127' title='bbox 801 1634 979 1691; x_wconf 84' lang='lat' dir='ltr'>gradum</span> <span class='ocrx_word' id='word_1_128' title='bbox 998 1633 1120 1688; x_wconf 81' lang='lat' dir='ltr'>jubet</span> <span class='ocrx_word' id='word_1_129' title='bbox 1142 1634 1250 1684; x_wconf 85' lang='lat' dir='ltr'>;i1ia</span> <span class='ocrx_word' id='word_1_130' title='bbox 1267 1635 1358 1680; x_wconf 84' lang='lat' dir='ltr'>risu</span> 
     </span>
     <span class='ocr_line' id='line_1_19' title="bbox 183 1715 1315 1774; baseline 0 -13"><span class='ocrx_word' id='word_1_131' title='bbox 183 1715 458 1762; x_wconf 85' lang='lat' dir='ltr'>Concutiunt</span> <span class='ocrx_word' id='word_1_132' title='bbox 481 1716 647 1760; x_wconf 82' lang='lat' dir='ltr'>circum</span> <span class='ocrx_word' id='word_1_133' title='bbox 673 1715 752 1774; x_wconf 90' lang='lat' dir='ltr'>qui</span> <span class='ocrx_word' id='word_1_134' title='bbox 779 1716 1133 1773; x_wconf 86' lang='lat' dir='ltr'>quadrupedante</span> <span class='ocrx_word' id='word_1_135' title='bbox 1159 1716 1315 1761; x_wconf 87' lang='lat' dir='ltr'>coloni</span> 
     </span>
     <span class='ocr_line' id='line_1_20' title="bbox 181 1796 1389 1857; baseline -0.001 -15"><span class='ocrx_word' id='word_1_136' title='bbox 181 1800 236 1842; x_wconf 89' lang='lat' dir='ltr'>In</span> <span class='ocrx_word' id='word_1_137' title='bbox 259 1799 378 1842; x_wconf 87' lang='lat' dir='ltr'>bove</span> <span class='ocrx_word' id='word_1_138' title='bbox 404 1796 685 1855; x_wconf 65' lang='lat' dir='ltr'>prospefflmt</span> <span class='ocrx_word' id='word_1_139' title='bbox 709 1796 980 1854; x_wconf 87' lang='lat' dir='ltr'>equitantem</span> <span class='ocrx_word' id='word_1_140' title='bbox 1001 1797 1045 1840; x_wconf 67' lang='grc' dir='ltr'>ὃ(</span> <span class='ocrx_word' id='word_1_141' title='bbox 1068 1797 1389 1857; x_wconf 57' lang='grc' dir='ltr'>ςτεηῶειςοεκ)</span> 
     </span>
     <span class='ocr_line' id='line_1_21' title="bbox 186 1878 1394 1925; baseline -0.002 -1"><span class='ocrx_word' id='word_1_142' title='bbox 186 1883 366 1924; x_wconf 82' lang='lat' dir='ltr'>Cornua</span> <span class='ocrx_word' id='word_1_143' title='bbox 389 1880 622 1923; x_wconf 79' lang='lat' dir='ltr'>tollentem</span> <span class='ocrx_word' id='word_1_144' title='bbox 645 1891 826 1923; x_wconf 79' lang='lat' dir='ltr'>cervum</span> <span class='ocrx_word' id='word_1_145' title='bbox 846 1893 858 1923; x_wconf 73' lang='grc' dir='ltr'><strong><em>ε</em></strong></span> <span class='ocrx_word' id='word_1_146' title='bbox 879 1892 1026 1922; x_wconf 83' lang='lat' dir='ltr'>novus</span> <span class='ocrx_word' id='word_1_147' title='bbox 1045 1878 1225 1923; x_wconf 88' lang='lat' dir='ltr'>herbida</span> <span class='ocrx_word' id='word_1_148' title='bbox 1242 1880 1394 1925; x_wconf 89' lang='lat' dir='ltr'>cursor</span> 
     </span>
     <span class='ocr_line' id='line_1_22' title="bbox 185 1958 1236 2013; baseline -0.002 -8"><span class='ocrx_word' id='word_1_149' title='bbox 185 1961 396 2005; x_wconf 84' lang='lat' dir='ltr'>Emensus</span> <span class='ocrx_word' id='word_1_150' title='bbox 420 1960 478 2004; x_wconf 87' lang='lat' dir='ltr'>fic</span> <span class='ocrx_word' id='word_1_151' title='bbox 502 1974 608 2004; x_wconf 83' lang='lat' dir='ltr'>arva</span> <span class='ocrx_word' id='word_1_152' title='bbox 625 1991 637 2013; x_wconf 90' lang='lat'>‚</span> <span class='ocrx_word' id='word_1_153' title='bbox 663 1972 792 2003; x_wconf 86' lang='lat' dir='ltr'>canes</span> <span class='ocrx_word' id='word_1_154' title='bbox 816 1958 892 2002; x_wconf 86' lang='lat' dir='ltr'>ubi</span> <span class='ocrx_word' id='word_1_155' title='bbox 917 1958 1017 2003; x_wconf 89' lang='lat' dir='ltr'>lufit</span> <span class='ocrx_word' id='word_1_156' title='bbox 1042 1960 1203 2003; x_wconf 86' lang='lat' dir='ltr'>odores</span> <span class='ocrx_word' id='word_1_157' title='bbox 1222 1991 1236 2013; x_wconf 86' lang='lat'><strong>‚</strong></span> 
     </span>
     <span class='ocr_line' id='line_1_23' title="bbox 186 2039 1254 2096; baseline -0.003 -9"><span class='ocrx_word' id='word_1_158' title='bbox 186 2043 407 2088; x_wconf 86' lang='lat' dir='ltr'>Defiliens</span> <span class='ocrx_word' id='word_1_159' title='bbox 431 2040 531 2086; x_wconf 84' lang='lat' dir='ltr'>fluit</span> <span class='ocrx_word' id='word_1_160' title='bbox 554 2042 607 2084; x_wconf 89' lang='lat' dir='ltr'>ad</span> <span class='ocrx_word' id='word_1_161' title='bbox 635 2053 795 2084; x_wconf 82' lang='lat' dir='ltr'>terram</span> <span class='ocrx_word' id='word_1_162' title='bbox 817 2055 832 2089; x_wconf 88' lang='lat'>·,</span> <span class='ocrx_word' id='word_1_163' title='bbox 857 2051 1073 2096; x_wconf 84' lang='lat' dir='ltr'>tauroque</span> <span class='ocrx_word' id='word_1_164' title='bbox 1098 2039 1254 2085; x_wconf 62' lang='lat' dir='ltr'>relicto</span> 
     </span>
     <span class='ocr_line' id='line_1_24' title="bbox 187 2120 1421 2180; baseline -0.001 -13"><span class='ocrx_word' id='word_1_165' title='bbox 187 2125 340 2180; x_wconf 83' lang='lat' dir='ltr'>Vepre</span> <span class='ocrx_word' id='word_1_166' title='bbox 364 2124 502 2175; x_wconf 87' lang='lat' dir='ltr'>latet,</span> <span class='ocrx_word' id='word_1_167' title='bbox 526 2133 730 2178; x_wconf 83' lang='lat' dir='ltr'>reputans</span> <span class='ocrx_word' id='word_1_168' title='bbox 755 2120 905 2164; x_wconf 87' lang='lat' dir='ltr'>secum</span> <span class='ocrx_word' id='word_1_169' title='bbox 932 2120 1017 2177; x_wconf 74' lang='lat' dir='ltr'>qua</span> <span class='ocrx_word' id='word_1_170' title='bbox 1045 2121 1194 2165; x_wconf 85' lang='lat' dir='ltr'>fraude</span> <span class='ocrx_word' id='word_1_171' title='bbox 1222 2134 1421 2166; x_wconf 86' lang='lat' dir='ltr'>tenacem</span> 
     </span>
     <span class='ocr_line' id='line_1_25' title="bbox 192 2200 1394 2261; baseline 0 -12"><span class='ocrx_word' id='word_1_172' title='bbox 192 2203 410 2257; x_wconf 77' lang='lat' dir='ltr'>Consilii,</span> <span class='ocrx_word' id='word_1_173' title='bbox 437 2203 594 2261; x_wconf 83' lang='lat' dir='ltr'>quibus</span> <span class='ocrx_word' id='word_1_174' title='bbox 619 2213 695 2246; x_wconf 84' lang='lat' dir='ltr'>aut</span> <span class='ocrx_word' id='word_1_175' title='bbox 721 2202 842 2245; x_wconf 86' lang='lat' dir='ltr'>ludat</span> <span class='ocrx_word' id='word_1_176' title='bbox 866 2200 990 2243; x_wconf 85' lang='lat' dir='ltr'>vafer</span> <span class='ocrx_word' id='word_1_177' title='bbox 1014 2201 1178 2245; x_wconf 78' lang='lat' dir='ltr'>artibus</span> <span class='ocrx_word' id='word_1_178' title='bbox 1207 2202 1394 2250; x_wconf 88' lang='lat' dir='ltr'>hostem.</span> 
     </span>
    </p>

    <p class='ocr_par' dir='ltr' id='par_1_7' title="bbox 194 2282 1391 2507">
     <span class='ocr_line' id='line_1_26' title="bbox 253 2282 1346 2344; baseline -0.001 -15"><span class='ocrx_word' id='word_1_179' title='bbox 253 2285 487 2344; x_wconf 79' lang='lat' dir='ltr'>Ambiguis</span> <span class='ocrx_word' id='word_1_180' title='bbox 511 2299 568 2329; x_wconf 91' lang='lat' dir='ltr'>ne</span> <span class='ocrx_word' id='word_1_181' title='bbox 595 2285 700 2328; x_wconf 89' lang='lat' dir='ltr'>cede</span> <span class='ocrx_word' id='word_1_182' title='bbox 724 2282 839 2327; x_wconf 85' lang='lat' dir='ltr'>dolis</span> <span class='ocrx_word' id='word_1_183' title='bbox 864 2297 879 2331; x_wconf 86' lang='lat'>·‚</span> <span class='ocrx_word' id='word_1_184' title='bbox 904 2284 1124 2339; x_wconf 87' lang='lat' dir='ltr'>oculoque</span> <span class='ocrx_word' id='word_1_185' title='bbox 1147 2284 1346 2342; x_wconf 86' lang='lat' dir='ltr'>fugacem</span> 
     </span>
     <span class='ocr_line' id='line_1_27' title="bbox 194 2364 1391 2425; baseline -0.003 -13"><span class='ocrx_word' id='word_1_186' title='bbox 194 2370 467 2425; x_wconf 80' lang='lat' dir='ltr'>Camporum</span> <span class='ocrx_word' id='word_1_187' title='bbox 492 2380 570 2424; x_wconf 82' lang='lat' dir='ltr'>per</span> <span class='ocrx_word' id='word_1_188' title='bbox 587 2368 715 2423; x_wconf 85' lang='lat' dir='ltr'>plana</span> <span class='ocrx_word' id='word_1_189' title='bbox 739 2366 872 2410; x_wconf 79' lang='lat' dir='ltr'>feram</span> <span class='ocrx_word' id='word_1_190' title='bbox 898 2364 1003 2408; x_wconf 82' lang='lat' dir='ltr'>lic&#39;et</span> <span class='ocrx_word' id='word_1_191' title='bbox 1029 2365 1164 2422; x_wconf 87' lang='lat' dir='ltr'>usque</span> <span class='ocrx_word' id='word_1_192' title='bbox 1188 2366 1359 2410; x_wconf 88' lang='lat' dir='ltr'>secutus</span> <span class='ocrx_word' id='word_1_193' title='bbox 1375 2398 1391 2420; x_wconf 85' lang='lat'><strong>,</strong></span> 
     </span>
     <span class='ocr_line' id='line_1_28' title="bbox 194 2431 1348 2507; baseline -0.002 -12"><span class='ocrx_word' id='word_1_194' title='bbox 194 2450 264 2495; x_wconf 71' lang='lat' dir='ltr'>Ne</span> <span class='ocrx_word' id='word_1_195' title='bbox 286 2449 493 2495; x_wconf 78' lang='lat' dir='ltr'>breviora</span> <span class='ocrx_word' id='word_1_196' title='bbox 515 2461 663 2495; x_wconf 77' lang='lat' dir='ltr'>tamen</span> <span class='ocrx_word' id='word_1_197' title='bbox 686 2431 950 2507; x_wconf 70' lang='lat' dir='ltr'>cnmpendia</span> <span class='ocrx_word' id='word_1_198' title='bbox 974 2461 1121 2507; x_wconf 78' lang='lat' dir='ltr'>quaere</span> <span class='ocrx_word' id='word_1_199' title='bbox 1147 2445 1348 2493; x_wconf 85' lang='lat' dir='ltr'>viarum:</span> 
     </span>
    </p>
   </div>
  </div>
 </body>
</html>
