1482 2834
90 271 215 331 404
256 255 533 312 PRAEDH
570 235 872 311 Rvsrlct
916 248 1057 320 Lm,
1083 246 1252 310 XVI.

91 358 240 412 Major
264 359 316 402 ab
340 355 562 400 immenfis
588 355 762 400 emersit
790 353 940 398 Gallia
966 353 1139 398 damnis
1157 369 1174 402 ·,

90 439 146 480 Et
173 453 308 495 quum
333 439 554 482 fortunam
579 435 758 480 Lodoix
783 436 860 493 qui
885 449 1025 492 nuper
1051 433 1250 477 acerbam
1299 422 1302 426 ’

90 517 301 561 Infrastus
329 519 517 570 tulerat,
549 517 665 560 dulci
693 530 788 559 non
811 515 957 559 ebrius
977 547 990 567 ,
1018 515 1172 557 orbem

90 598 287 642 Vincere
312 612 444 655 quem
474 608 650 654 poterat
674 596 774 641 fatis
800 595 1002 640 felicibus
1027 595 1131 637 usus
1149 625 1166 647 ,

89 680 253 723 Maluit
278 679 429 736 optata
458 676 630 721 rursum
654 688 933 733 componere¹
954 688 1091 731 pace;

89 760 282 803 Urbibus
307 759 421 802 haud
444 758 597 801 multis
625 757 847 801 redimens
863 745 1079 799 ¹ditissima
1104 755 1257 812 Regna

1436 793 1473 818 4„

93 839 318 895 Hesperiae
336 871 349 892 ,
375 839 420 881 &
445 850 578 881 terras
599 837 768 881 Phoebo
793 837 869 879 sub
896 846 1086 893 utroque
1110 833 1333 889 jacentes;
1427 819 1474 892 ,ιῖ

95 920 317 964 Bellorum
344 934 440 976 quae
467 918 571 962 finis
598 931 690 962 erat
708 950 720 970 ‚
749 932 845 975 quae
871 929 988 961 meta
1010 918 1227 960 laborum.
1423 897 1475 1015 ’ἶ

135 1002 284 1064 ἲΝῑιῐιε
311 1014 423 1043 vero
447 997 591 1055 Regni
619 997 763 1040 lustris
790 1009 857 1039 ter
885 996 1082 1054 quinque
1108 996 1296 1052 perastis
1315 1026 1333 1050 ,
1457 982 1462 988 ⁸

95 1079 295 1124 Pluribus
321 1079 534 1136 insignem
558 1077 690 1121 lauris
709 1110 721 1130 ‚
750 1076 914 1133 pietate
939 1075 1154 1120 senefiam

97 1159 316 1205 Nobilitat
332 1193 344 1213 ‚
372 1171 578 1215 veraeque
605 1158 734 1201 docet
756 1157 938 1201 virtutis
964 1164 1164 1199 amorem
1183 1188 1196 1207 ‚
1436 1147 1473 1222 {1}

100 1243 247 1298 Quem
272 1254 380 1298 puer
405 1255 429 1283 a
454 1239 566 1282 natis
591 1250 794 1281 natorum
821 1239 874 1280 ad
902 1238 1071 1293 sceptra
1094 1236 1272 1280 relistus
1444 1232 1472 1321 ξ’

101 1324 169 1366 Ex
194 1323 339 1365 Atavo
369 1319 493 1363 discit
516 1333 530 1368 ;
558 1331 812 1375 patremque
839 1318 1021 1360 redonat
1046 1318 1319 1374 ademptuma

164 1405 260 1446 Nos
286 1414 431 1445 autem
458 1399 629 1444 domito
658 1412 771 1456 quos
796 1397 953 1454 saepius
977 1398 1082 1441 orbe
1106 1397 1259 1442 fideles
1322 1406 1325 1410 ’

103 1482 327 1528 Bellorum
353 1482 498 1526 socios
521 1480 673 1525 habuit
690 1513 702 1532 ‚
731 1493 866 1536 quum
889 1479 975 1523 fata
999 1464 1200 1536 benignis

105 1564 307 1622 Amplius
324 1564 438 1606 haud
456 1561 623 1606 obstant
643 1559 802 1604 animis
821 1574 835 1609 ;
855 1560 899 1602 δί
926 1557 974 1601 in
992 1558 1077 1600 alta
1096 1557 1274 1615 quietos

108 1645 216 1690 Otia
239 1643 523 1701 Francigenas
549 1640 803 1684 transmittit
820 1671 833 1693 ,
862 1640 1062 1682 &ubere
1086 1653 1232 1682 rerum

105 1727 217 1774 Pace
238 1727 335 1771 beat
353 1757 364 1779 ,
384 1738 499 1783 *quos
520 1723 573 1767 ad
590 1722 809 1765 summum
829 1720 958 1763 decus
977 1717 1136 1764 extulit
1150 1718 1307 1782 armis:

532 1981 912 2043 FINIS.
