1500 2834
208 197 315 252 142
418 178 770 235 PRAEDII
815 177 1192 236 Rvsrzct

196 280 244 322 Si
275 279 374 336 quis
401 291 494 322 erat
510 311 524 333 ‚
550 278 736 324 memini
762 294 869 336 quas
899 279 1181 337 impendebat
1209 279 1373 324 alendis

197 360 442 403 Arboribus
467 374 591 404 curas
611 393 626 414 ,
655 359 787 418 qud'm
815 359 954 404 fausto
983 361 1151 404 foedere
1176 373 1325 403 ramos

199 442 416 486 Insereret
431 475 446 496 ,
471 442 608 486 citros
635 454 684 486 ut
709 442 825 505 falce
849 453 1024 499 putaret
1040 474 1054 494 ,
1081 442 1242 485 odoras

196 524 277 566 Me
298 537 440 580 puero
466 525 682 582 gaudente
707 536 857 566 comas
886 525 1088 566 attollere
1115 522 1230 566 tert-2⁴1
1246 554 1262 576 ,

199 607 254 648 Et
280 606 425 663 plenis
453 618 631 663 portare
657 606 841 649 domum
867 604 1125 659 juveniliter
1152 604 1290 648 ulnis.

197 689 398 732 Necdum
415 688 567 732 animo
594 687 768 732 effluxit
787 687 920 745 quem
939 686 1079 731 dulcia
1099 701 1236 744 poma
1250 685 1437 731 viciffim

199 770 321 812 Arva
344 770 525 823 darent,
553 769 667 812 oleis
692 781 741 812 ut
766 768 999 826 grandibus
1029 771 1188 812 aemula
1213 768 1350 812 citrus
1415 787 1417 789 ·

199 852 406 909 Surgeret
422 883 436 904 ‚
463 851 507 894 &
532 851 666 894 ramis
692 849 930 906 pendentia
954 851 1070 893 mala
1100 850 1274 893 decoris

203 931 473 975 Candidulos
499 930 615 975 inter
638 931 858 988 fulgerent
889 945 1019 974 aurea
1046 930 1200 975 flores.

260 1014 341 1055 Ille
357 1027 482 1056 meus
497 1024 622 1068 pater
638 1011 699 1055 est
714 1044 727 1064 ‚
746 1026 878 1069 quem
894 1026 1016 1077 mors
1033 1011 1261 1059 saeviffima
1275 1013 1438 1055 'dudum

198 1092 387 1136 Abstulit
413 1109 426 1137 ε
449 1105 494 1136 at
518 1092 714 1136 nostrum
739 1106 834 1136 non
856 1092 944 1136 illa.
960 1092 1157 1136 extinxit
1181 1107 1408 1143 amorem3

199 1175 254 1216 Et
283 1174 452 1230 patrios
478 1188 694 1218 revocans
723 1188 871 1217 mores
903 1176 1194 1231 exemplaque
1212 1207 1225 1228 ‚
1250 1175 1369 1216 Nato

200 1256 314 1310 Quae
333 1255 503 1312 praestat
528 1255 774 1300 meminifl‘e
793 1256 934 1313 magis
959 1255 1091 1313 quem
1116 1258 1260 1302 dicere
1278 1254 1408 1298 versu
1425 1287 1440 1308 ‚

198 1338 308 1380 Non
324 1337 414 1380 alio
430 1371 443 1390 ,
466 1351 523 1381 ne
542 1338 714 1395 Regum
734 1337 940 1395 equidem
957 1338 1009 1380 de
1029 1337 1241 1394 sanguine
1258 1336 1411 1379 malim

198 1404 300 1461 Effe
326 1419 466 1461 satum
497 1433 509 1462 z
536 1418 650 1461 tanti
674 1418 735 1462 est
761 1417 902 1475 pietas
932 1429 1063 1475 atque
1089 1431 1219 1460 aurea
1251 1417 1357 1462 vitae

199 1498 470 1555 Simplicitas
487 1531 501 1553 ,
530 1499 574 1542 δε
599 1500 716 1542 nuda
740 1497 849 1542 fides
867 1531 879 1552 ‚
907 1500 1120 1555 lucroque
1143 1499 1349 1554 pudendo

199 1579 355 1624 Pectus
376 1578 638 1623 inaccefi'um
655 1611 668 1631 ‚
690 1579 734 1622 &
753 1577 883 1636 rigidi
902 1578 1027 1621 mens
1045 1578 1221 1621 conscia
1240 1578 1347 1621 reffi
1364 1582 1425 1622 !0

263 1663 329 1705 Ut
350 1660 477 1715 juvat
503 1659 709 1717 inprimis
733 1659 811 1702 sub
837 1659 1016 1716 pectore
1040 1659 1229 1705 volvere
1253 1658 1379 1702 tritas

199 1742 352 1799 Usque
378 1742 497 1784 fores
523 1740 712 1796 inopum
738 1739 894 1782 turmis
925 1743 935 1784 !
969 1740 1032 1782 ita
1055 1746 1192 1797 pagus
1216 1739 1400 1782 amicam

199 1823 468 1880 Pauperibus
497 1833 692 1864 mentem
719 1831 849 1862 norat
866 1852 879 1872 ,
903 1819 1135 1876 moresque
1155 1819 1374 1877 benignos

198 1907 254 1948 Et
273 1915 503 1962 promptas
522 1904 575 1946 ad
593 1904 707 1945 dona
727 1916 880 1944 manus
900 1917 914 1951 ;
939 1914 990 1943 ut
1009 1901 1208 1958 quisquis
1228 1914 1407 1958 egentes

200 1987 387 2029 Viderat
403 2018 417 2038 ‚
444 1995 519 2027 aut
548 1982 643 2026 ser&
671 1982 929 2040 peregrinos
954 1982 1087 2026 nocte
1116 1995 1316 2038 petentes

199 2067 461 2124 Hospitium
477 2098 490 2119 ,
517 2065 695 2109 fundata
719 2065 845 2107 velut
870 2063 948 2107 fibi
973 2063 1086 2107 recia
1103 2096 1117 2117 ‚
1145 2077 1347 2121 paternas

201 2148 468 2193 Monstraret
494 2145 664 2189 miseris
683 2178 695 2198 ‚
717 2159 899 2202 peregre
922 2147 998 2188 vel
1016 2145 1220 2188 euntibus
1246 2146 1377 2190 aedeS.

260 2231 392 2272 Salve
419 2241 517 2270 care
541 2240 699 2283 parens
715 2259 729 2279 ‚
760 2226 803 2269 ὃ(
831 2225 907 2282 qui
933 2225 1130 2282 prodess‘e
1159 2227 1347 2270 docebas

204 2312 410 2356 Moribus
437 2323 645 2367 agrorum
668 2306 854 2351 studium
876 2322 890 2356 ;
922 2305 1042 2363 quod
1066 2307 1179 2351 ruris
1209 2320 1358 2350 amore

204 2395 335 2441 Nunc
357 2405 449 2436 uno
475 2402 624 2441 tenear
641 2422 654 2444 ,
679 2389 835 2446 procul
861 2387 1103 2434 ambitione
1131 2386 1299 2433 remota
1318 2419 1331 2440 ‚
