1482 2834
99 264 222 328 ²226
321 268 694 326 PRAEDII
735 270 1040 329 Rvsrt
1068 281 1161 329 ct

98 369 229 415 'Vidit
256 371 300 414 &
325 369 548 428 obstupuit
571 370 722 416 nostro
748 373 826 430 qui
853 362 1021 430 primus
1047 373 1099 416 ab
1125 372 1235 417 orbe

101 452 317 494 Cantaber
342 451 545 496 australes
570 453 787 497 Americae
814 454 964 498 semen
988 455 1041 497 ad
1064 468 1165 497 oras
1299 443 1302 449 Χ

99 532 397 577 Transtulerat
417 549 429 579 ε
451 535 669 593 raphanus
689 548 814 581 tener
834 536 1092 595 egregiique
1112 533 1286 592 saporis

96 614 318 671 Corporis
340 616 525 662 humani
549 614 718 662 molem
742 619 1006 676 superabat3
1040 619 1084 662 &
1108 618 1243 661 Indus

99 696 328 741 Grandior
345 701 533 744 arboreo
553 712 731 758 poterat
749 700 834 746 vix
853 682 1030 758 earpere
1051 700 1244 744 summas
1278 720 1281 725 ’

102 778 244 821 Caule
263 780 381 825 fabas
401 797 412 825 :
433 795 547 826 onus
563 797 652 827 uva
667 781 759 828 viri
776 784 993 840 pendebat
1011 783 1063 826 ab
1080 783 1206 825 ulmo
1227 797 1242 831 ;

99 860 196 904 Nec
220 861 442 906 tumidum
472 863 629 908 cervix
653 868 878 922 peponem
902 863 1093 906 nervosa
1116 861 1302 908 tuliffet.

160 941 315 1000 Longa
342 943 505 988 nivalis
530 943 675 988 hiems
704 946 749 988 &
771 944 985 988 inertibus
1013 943 1108 988 otia
1134 943 1266 987 terris

95 1021 152 1064 Et
178 1022 308 1081 pigro
338 1023 443 1067 facit
469 1024 689 1082 Agricolae
716 1041 728 1069 ε
755 1026 851 1068 filet
875 1026 1058 1068 herbula
1082 1025 1242 1083 primis

93 1102 352 1161 Frigoribus
379 1104 635 1156 conti-aditu
663 1106 764 1162 gelu
789 1107 864 1149 vel
891 1102 1006 1148 terra
1030 1104 1195 1163 rigenti

97 1185 355 1240 Clauditur,
384 1198 460 1230 aut
483 1188 624 1244 longo
645 1187 790 1230 madet
814 1184 1102 1229 intraaabilis
1129 1185 1288 1232 imbre.'

95 1266 119 1311 J
125 1280 196 1309 am
214 1280 357 1324 neque
373 1267 518 1310 fundit
534 1281 643 1324 opes
659 1283 672 1317 3
693 1267 833 1311 olitor
849 1267 929 1309 nifi
944 1266 1111 1325 frigora
1125 1266 1320 1313 flammis

93 1347 271 1392 Vicerit
297 1349 484 1391 occultis
502 1380 516 1401 ,
544 1349 688 1390 multo
713 1348 790 1391 vel
816 1347 1007 1391 stercore
1032 1349 1195 1408 molles

90 1430 263 1473 Evocet
288 1429 550 1487 asparagos3
578 1421 622 1471 δε
652 1443 762 1486 quas
789 1429 957 1472 Natura
980 1429 1161 1488 negabit
1178 1462 1194 1484 ,

91 1510 298 1555 Praecoce
325 1509 514 1553 lafitucas
541 1523 768 1566 emergere
792 1507 960 1562 jufferit
980 1520 1102 1555 ortu.

152 1593 287 1636 Hunc
315 1591 427 1635 olim
452 1589 578 1648 prior
604 1587 783 1633 induxit
803 1588 1067 1644 Quintinius
1091 1590 1242 1638 usum-¹

86 1672 275 1729 Quippe
300 1673 472 1716 hiemes
499 1671 617 1715 inter
641 1670 808 1714 medias
835 1670 1042 1715 felicibus
1068 1671 1206 1723 armis

92 1741 277 1810 Oppida
297 1766 434 1810 quum
450 1751 574 1796 Galli
594 1761 827 1810 quaterent
845 1750 1055 1806 inimica,
1078 1765 1162 1796 nec
1177 1750 1288 1801 anni

90 1834 349 1891 Tempestas
376 1832 483 1877 effer
508 1846 604 1875 non
628 1830 789 1875 fertilis
815 1833 906 1876 ulla
933 1831 1172 1889 triumphis
1192 1849 1208 1883 ;

83 1917 170 1962 Ille
196 1915 274 1959 sua
298 1928 355 1958 ne
380 1927 475 1957 non
499 1913 708 1956 Brumam
735 1925 916 1971 quoque
939 1913 1142 1958 vinceret
1166 1921 1297 1970 arte}

91 2000 232 2043 Nullo
257 1995 420 2040 hiemis
444 1995 653 2053 verisque
683 1996 792 2039 satas
819 1995 1069 2039 discrimine
1097 1997 1270 2052 plantas

90 2080 307 2125 Versaliae
335 2076 475 2136 riguis
502 2079 685 2121 educere
714 2077 853 2133 coepit
879 2077 928 2120 in
951 2076 1096 2120 hortis
1117 2092 1130 2120 ε

87 2163 206 2207 Nam
224 2160 332 2218 quid
346 2161 508 2204 humus
525 2159 639 2217 Regi
656 2173 749 2202 non
765 2159 930 2202 deferat
947 2191 960 2211 ,
988 2157 1134 2202 excita
1151 2156 1266 2202 tanti

89 2242 311 2299 Principis
340 2241 517 2298 aspestu
533 2275 545 2294 ,
580 2241 726 2297 pofito
761 2240 838 2296 qui
865 2241 1062 2296 pondere
1089 2254 1238 2282 rerum

87 2325 219 2380 Quos
247 2326 404 2367 oculos
433 2324 575 2381 aperit
599 2322 781 2379 populis
807 2321 994 2378 orbique
1019 2323 1214 2380 regendo
1233 2351 1249 2374 ‚

88 2407 144 2451 In
170 2418 324 2448 tenues
351 2407 467 2448 amat
491 2403 711 2447 interdum
739 2401 969 2444 demittere
996 2403 1206 2459 plantas?

148 2480 199 2531 Si
216 2517 231 2540 ,
255 2486 358 2532 loca
380 2485 472 2543 jam
496 2484 633 2530 toties
653 2482 768 2527 mihi
795 2484 1020 2527 decantata
1036 2515 1052 2538 ,
1074 2485 1232 2528 beatos
