1500 2886
130 256 212 327 '30
380 252 718 310 PRAEDJI
764 250 1163 310 Rvsrlct'

186 353 293 395 Non
319 350 484 397 faciunt
509 356 593 398 hos
625 367 747 411 prata
777 366 921 397 metus
942 354 1132 404 3'secura
1149 346 1307 412 pericli

123 432 321 476 Diffusas
347 435 467 478 coelo
493 435 674 478 nebulas
701 435 980 492 Boreamque
998 466 1011 488 ,
1037 436 1295 493 Notumque

122 511 363 568 Accipiunt
391 530 402 557 ε
427 515 569 574 frigus
596 530 680 560 nec
710 527 863 577 curant
883 514 1004 559 triste
1025 547 1039 569 ,
1064 530 1146 560 nec
1169 517 1348 571 aestum,

121 594 350 638 Deductus
374 595 494 638 facili
519 596 644 641 rivus
674 611 808 654 quem
838 608 1058 653 temperat
1087 598 1219 644 unda.
1243 623 1246 625 -

123 674 339 719 Pratenfis
364 677 602 721 minimum
628 679 835 722 desiderat
859 678 991 721 herba
1018 679 1248 728 laborem·‚

121 755 179 798 Et
206 756 340 800 semel
365 770 490 812 orta,
522 759 620 802 fuas
648 758 783 802 nullis
811 757 1014 802 obnoxia
1041 759 1160 802 curis

119 838 284 882 Fundit
309 853 418 895 opes
445 839 632 902 3¹reditu
658 853 740 883 nec
765 839 962 898 fimplice
990 838 1098 882 ditat
1126 853 1288 883 avaros

120 917 351 975 Agricolas
374 935 386 963 ε
404 919 543 963 hiemi
562 935 663 964 nam
681 920 855 963 foenum
876 931 1006 978 atque
1028 934 1171 970 annua
1189 920 1306 964 feffis

121 997 283 1042 Pascua
311 1001 383 1042 dat
408 1001 542 1044 tauris
564 1017 577 1051 3
605 1012 888 1056 armentaque
920 982 1020 1043 laeta
1051 1013 1230 1050 tuetur;

119 1078 435 1137 Eximiumque
455 1082 586 1124 decus
607 1080 850 1124 ridentibus
872 1079 1023 1134 adjicit
1041 1081 1183 1138 agris:

119 1160 310 1204 Roscida
335 1162 412 1205 seu
435 1161 569 1206 flores
596 1161 846 1206 intermicet
873 1161 1009 1210 herba
1033 1163 1238 1206 rubentes
1257 1194 1274 1215 ‚

121 1241 210 1283 Seu
238 1240 378 1294 jaceat
407 1243 617 1299 prostrata
643 1243 741 1287 solo
757 1275 772 1296 ,
795 1244 1067 1300 mollemque
1094 1244 1271 1294 cubanti

122 1323 315 1366 Sufficiat
339 1325 580 1367 thalamum
609 1336 773 1367 temere
801 1323 1004 1380 congesta
1026 1338 1040 1373 ;
1066 1326 1141 1368 vel
1167 1326 1258 1367 alto

121 1403 325 1460 Accipiat
354 1404 501 1447 fitiens
531 1403 684 1447 duCtos
713 1418 738 1446 e
770 1403 954 1446 tramite
976 1403 1103 1447 rivos
1122 1437 1135 1458 ‚

118 1485 265 1541 Atque
282 1499 447 1529 novam
466 1497 589 1541 paret
606 1485 742 1541 usque
761 1497 886 1526 novo
906 1483 994 1526 fine
1014 1483 1179 1527 semine
1199 1483 1394 1530 meffem.
1451 1479 1465 1492 ⁹

179 1566 328 1619 Quare
355 1565 472 1623 agite
504 1566 548 1608 &
573 1564 703 1607 dorso
735 1563 767 1606 fi
799 1578 894 1606 non
922 1565 1101 1607 decedat
1128 1564 1287 1622 iniquo

116 1645 371 1701 Praecipites
403 1660 546 1702 neque
577 1646 726 1688 fundat
757 1658 859 1702 ager
890 1645 1154 1702 praeruptior
1184 1648 1322 1690 undas
1342 1682 1355 1702 ,

112 1727 212 1768 Nec
238 1726 359 1769 bibat
385 1727 619 1769 humorem
646 1726 831 1783 graciles
861 1724 1062 1769 imitatus
1092 1740 1242 1769 arenas
1259 1759 1272 1779 ,

117 1808 378 1865 stagnantes
407 1821 550 1864 neque
580 1806 805 1849 contineat
835 1805 1070 1861 depressior
1095 1807 1292 1856 imbres3

117 1889 141 1933 J
145 1902 277 1946 ugera
295 1899 456 1946 quanta
474 1896 625 1944 patent
642 1919 654 1938 ,
671 1885 887 1928 medicam
905 1918 917 1937 ,
937 1884 1168 1942 viciasque
1186 1919 1198 1939 ,
1215 1887 1439 1944 boumque

121 1969 338 2015 Gramina
365 1968 561 2024 torpenti
586 1980 680 2009 non
706 1965 941 2020 injucunda
967 1967 1116 2021 palato

120 2050 322 2108 Spargite
341 2081 352 2102 ,
384 2050 428 2091 &
457 2047 640 2091 affiduos
669 2045 807 2103 pratis
839 2044 1032 2089 inducite
1059 2044 1213 2089 rivos:

118 2132 217 2187 Ipsa
247 2131 327 2173 nifi
357 2131 516 2173 molles
552 2127 718 2186 uligine
748 2125 958 2184 pinguior
990 2126 1145 2170 herbas

119 2211 298 2254 Nutriat
326 2210 499 2268 irriguae
528 2210 658 2252 tellus
687 2222 780 2250 non
811 2207 960 2265 indiga
990 2208 1203 2264 lymphae.
1496 2213 1500 2244 ⁴,

181 2294 266 2334 Sed
282 2306 423 2348 neque
446 2288 702 2347 posthabitis
730 2290 848 2331 oleas
870 2302 926 2331 an
944 2302 1110 2344 ponere
1136 2288 1294 2345 pratis,
1496 2290 1500 2408 Ι

122 2371 331 2416 Meffibus
347 2385 409 2414 an
426 2370 596 2427 praestet
613 2403 624 2423 ,
645 2371 720 2412 vel
738 2370 943 2411 habendae
965 2368 1215 2414 incumbere
1235 2368 1349 2421 viti,

120 2452 323 2499 Desinite
346 2452 485 2498 velim
513 2468 525 2497 x
551 2463 724 2497 veteres
756 2450 928 2495 imitare
957 2453 1160 2495 locorum
