1482 2834
441 198 741 255 LIBER
810 186 1025 255 71114
1219 202 1333 274 19⁸1

60 328 63 332 -
151 294 358 343 Instantis
384 311 557 343 memor
582 300 750 343 interea
778 297 988 343 sementis
1013 295 1172 340 Atator

93 373 215 423 Arva
242 392 392 437 parat,
420 379 624 438 facilique
649 392 825 424 exercet
850 391 1033 423 vomere
1055 380 1247 428 ’ωτι-επις

91 460 143 504 Si
170 459 292 517 prius
312 461 526 519 ingruerit
551 460 691 518 ruptis
716 472 742 504 e
767 460 953 503 nubibus
978 457 1151 503 imber-‘2

91 541 266 585 Durior
291 541 487 585 infrastis
513 554 568 584 ne
592 540 674 584 vix
699 540 860 584 humus
888 550 1012 583 eruta
1031 539 1173 598 glebis

89 621 236 665 Lass‘et
261 623 515 666 anhelantes
535 634 658 664 vano
683 619 841 664 sudore
863 619 1080 675 juvencos
1097 634 1116 670 3

88 701 222 756 Qsos
248 717 334 760 ego
359 701 591 746 maluerim
615 701 751 759 pratis
777 716 922 745 errare
945 701 1154 761 solutosg

87 782 223 826 Arida
248 781 388 826 durati
413 781 545 839 quam
570 795 691 841 terga
717 783 932 826 revenere
955 782 1117 839 campi.

87 862 239 908 Meffis
263 863 385 907 enim
401 878 665 922 quamquam
687 863 765 908 sub
787 862 947 922 iniquo
969 863 1166 920 pondere
1192 857 1330 921 glehae

85 944 313 998 Nascitur,
332 946 377 990 δι
401 945 554 990 varios
575 943 744 990 circum
769 946 842 989 dat
867 943 1071 988 acumine
1097 956 1268 996 tortus;

82 1025 134 1081 ,V
135 1027 185 1071 ix
206 1040 355 1071 tamen
372 1029 588 1071 &thereas
614 1027 699 1071 iter
724 1025 939 1071 eluctatur
962 1026 1012 1070 in
1037 1039 1181 1071 auras.

147 1108 353 1152 Stercora
379 1111 574 1167 purgatis
600 1109 652 1152 ab
677 1107 872 1153 ovilibus
898 1121 998 1152 ante
1024 1110 1215 1153 colonus

86 1188 247 1248 Eget-at
263 1222 277 1243 ‚
299 1190 439 1233 exiles
468 1190 596 1233 iteret
619 1188 751 1247 quam
778 1202 962 1234 vomere
992 1191 1147 1234 colles,

86 1271 250 1316 Vertat
264 1285 393 1330 agros
404 1304 418 1324 ,
437 1270 664 1328 inaretque
680 1270 836 1314 fimum
854 1285 867 1320 ;
884 1283 966 1313 nec
981 1269 1151 1326 diffipet
1164 1284 1259 1315 uno

85 1350 190 1396 Plus
217 1353 349 1410 quam
374 1353 466 1396 sole
492 1351 634 1409 potest
652 1351 752 1395 altis
767 1351 1040 1395 abscondere
1066 1350 1224 1398 sulcisz

86 1433 258 1477 Siccior
281 1432 330 1477 in
355 1446 510 1477 tenues
536 1433 732 1477 vanescit
757 1432 992 1477 inobrutus
1018 1447 1162 1477 auras.

149 1515 272 1558 Arva
286 1513 411 1568 juvat
425 1526 556 1557 vetus
573 1515 615 1557 ὅ(
632 1515 748 1558 satur
762 1513 902 1557 imbre
914 1545 927 1566 ‚
945 1513 1165 1557 recentior
1181 1512 1368 1571 (herbas

83 1594 179 1650 Qui
203 1594 416 1653 generat)
442 1594 585 1657 pratis
607 1593 739 1638 fimus
764 1592 989 1647 injicietur
1010 1593 1203 1651 aquofis.

84 1677 213 1733 Saepe
239 1690 321 1720 nec
344 1676 581 1720 immodice
604 1677 765 1719 saturet
789 1676 883 1719 sola
905 1689 1052 1719 macra
1075 1677 1297 1738 colonusffi

82 1758 139 1801 Et
165 1755 257 1800 laffi
282 1756 403 1801 vires
428 1770 601 1814 reparet
616 1786 629 1804 .
653 1771 746 1800 non
770 1757 994 1814 opprimat
1017 1756 1129 1815 agri.

85 1837 225 1896 Larga
247 1839 323 1881 ‘vel
349 1837 397 1880 in
421 1839 580 1882 crudos
605 1840 765 1882 abeunt
789 1838 1010 1882 laetamina
1035 1838 1187 1884 succos
1202 1854 1223 1890 ς

85 1920 206 1963 Arva
231 1920 306 1962 vel
331 1932 524 1962 exurunt
548 1934 562 1970 ⁶,
592 1919 885 1977 alimentaque
909 1919 1092 1978 pinguia
1115 1921 1251 1964 tellus

86 1999 390 2055 Concipiens,
412 2000 512 2045 fuso
536 2001 702 2046 virides
727 2001 833 2046 citat
860 2001 1026 2059 impete
1050 2002 1166 2046 fetus
1180 2016 1200 2052 ·.

85 2081 420 2140 Luxuriansque
444 2082 567 2141 seges
592 2082 822 2127 fallacibus
846 2083 986 2126 enitet
1009 2082 1188 2135 herbis;

85 2161 183 2206 Nec
205 2151 393 2221 ‘genibus
416 2163 461 2208 se
484 2163 641 2208 deinde
662 2163 753 2209 suis
778 2163 982 2208 sustentat
1006 2180 1022 2215 ·,
1044 2165 1258 2225 humique

87 2240 233 2286 Prona
258 2242 404 2298 iacens
419 2274 435 2298 ‚
458 2241 581 2289 oeffis
604 2246 797 2289 mendax
819 2246 943 2303 spem
966 2245 1078 2290 fallit
1102 2245 1262 2293 aristisi

146 2323 266 2367 Arva
295 2323 414 2381 putri
437 2338 531 2369 non
553 2324 676 2383 pofl'e
699 2324 811 2370 fimo
835 2327 1025 2372 saturare
1041 2359 1055 2380 ‚
1078 2327 1233 2373 coloni

82 2403 260 2453 neruus
283 2406 345 2453 cst
368 2423 383 2454 z
405 2405 510 2468 pagi
530 2407 679 2454 sordes
697 2438 711 2463 ‚
735 2408 1001 2468 coenosaque
1020 2409 1142 2454 villa
