1500 2886
76 241 172 307 {24
335 233 663 295 Pazon
701 237 1076 295 Rvsrtct

87 336 282 382 Flamma
307 350 385 394 per
411 337 642 381 obscurum
666 353 760 382 non
783 351 912 383 exeat
937 338 1035 382 aera
1060 336 1223 384 traaas
1293 355 1298 362 ·

148 416 263 459 Sunt
289 416 406 460 varii
430 402 596 474 lapides
623 419 822 463 diversos
849 418 977 463 calcis
1006 418 1055 462 in
1079 419 1184 462 usus

71 495 220 551 ‘Quos
248 497 426 542 fornace
453 513 617 556 coques
643 518 654 546 ε
679 516 814 558 opera
833 503 886 544 ad
905 499 1090 544 tectoria
1109 497 1293 550 mollis‚'

89 577 215 620 Dura
240 578 348 621 filex
373 581 428 622 ad
454 579 682 626 structuras
709 570 949 626 adhibetur.
981 582 1128 623 Arena

90 656 281 714 Egregia
299 658 359 702 est
373 691 386 711 ,
404 661 645 718 compreffa
663 676 795 706 manu
814 677 909 719 quae
928 660 1075 704 stridet
1091 676 1105 710 ς
1124 661 1167 704 &
1185 658 1295 703 albis

91 738 186 781 Nec
204 741 393 783 maculas
412 742 568 797 pannis
581 776 593 796 ,
614 757 757 801 neque
777 742 948 786 sordem
967 738 1137 784 excuffa
1154 736 1383 796 relinquit.

156 820 265 862 Haec
282 821 359 863 ubi
378 823 583 867 materies
602 822 734 867 fuerit
755 822 955 881 congesta
972 854 985 874 ‚
1005 822 1245 864 domorum

93 901 393 944 Fundamenta
417 903 516 946 solo
538 903 670 958 jacies
690 937 709 957 ,,
733 918 870 962 quum
901 902 1089 959 denique
1114 912 1230 944 terra

95 980 284 1027 Ruderis
315 982 506 1025 occurrit
537 981 626 1027 fine
659 982 908 1040 suspicione
942 977 1092 1026 soruti.

96 1060 174 1104 Ast
199 1060 277 1104 ubi
304 1061 545 1106 visceribus
574 1064 651 1106 vel
677 1064 728 1106 ab
756 1060 858 1106 imis
888 1061 1072 1105 mollior
1093 1061 1232 1122 usque

73 1141 276 1190 ,Eruitur
305 1143 434 1186 tellus
453 1174 466 1196 ‚
491 1154 691 1200 quartam
720 1144 970 1200 demergere
996 1141 1113 1185 muri

98 1223 293 1268 Sufficiat
322 1236 491 1280 partem
521 1239 533 1268 ε
565 1238 758 1281 quernos
787 1222 977 1281 defigere
1010 1224 1157 1286 palos-

99 1303 220 1347 Tum
232 1302 401 1359 poteris
414 1335 427 1356 ‚
444 1303 728 1361 lapidumque
744 1317 923 1362 gravem
941 1303 1225 1360 superaddere
1240 1303 1422 1348 molem.

164 1383 234 1426 Ad
249 1382 444 1426 medium
463 1382 658 1439 spectent
677 1384 868 1427 obversae
879 1383 1076 1432 cubicula
1091 1384 1230 1428 solem
1242 1415 1256 1436 ‚

101 1461 253 1507 'Altior
277 1475 327 1505 ut
354 1462 487 1505 Titan
513 1462 695 1521 obliqua
720 1465 821 1507 luce
849 1463 1051 1508 fenestras

84 1580 88 1584 .
105 1544 424 1589 Transcurrens
442 1542 584 1586 aestate
603 1575 617 1596 ,
640 1544 821 1586 domum
840 1558 933 1586 non
949 1555 1045 1587 urat
1063 1560 1077 1594 ·,
1100 1545 1144 1588 ὅ(
1163 1544 1279 1599 idem

106 1623 351 1684 Inclinatus
371 1624 495 1667 humi
513 1658 525 1677 ,
548 1624 736 1683 gelidam
756 1640 889 1682 quum
908 1625 1055 1682 vergit
1069 1627 1122 1670 ad
1143 1625 1309 1669 Ατᾶοῐι
1326 1658 1341 1680 ,

106 1705 202 1749 Ima
226 1719 305 1761 per
328 1703 559 1749 hibernum
585 1717 750 1749 recreet
774 1705 1015 1762 penetralia
1037 1705 1192 1763 frigus·
1261 1720 1264 1722 ’
1303 1755 1307 1758 ⁴

171 1785 295 1840 Quas
320 1784 456 1829 hodie
485 1785 576 1828 ruri
601 1798 775 1842 ponunt
807 1787 850 1830 &
875 1785 922 1829 in
939 1785 1116 1830 urbibus
1142 1787 1251 1837 aedcs
1269 1820 1283 1840 ,
1304 1835 1308 1839 ,

110 1865 385 1912 Perfundunt
411 1865 491 1908 hac
516 1866 614 1908 luce
631 1897 645 1919 ‚
675 1880 804 1909 cavas
831 1867 917 1909 hoc
943 1881 1020 1909 ore
1048 1867 1254 1911 fenestras
1270 1876 1288 1921 ,‘

111 1948 219 1992 Hoc
247 1939 433 1990 numero
458 1945 624 1989 faciunt
651 1960 666 1994 ·,
693 1945 792 2001 altis
819 1958 870 1989 ut
897 1945 1011 1989 tecla
1036 1948 1255 1991 columnis
1272 1980 1288 2001 ,

105 2029 221 2085 ,Non
239 2027 377 2071 muris
397 2025 572 2071 suffulta
591 2037 718 2083 putes
740 2042 754 2077 ·,
772 2027 1087 2083 hominemque
1107 2039 1291 2084 penates

114 2111 245 2153 Nunc
269 2107 384 2151 intra
411 2107 582 2151 vitreos
609 2105 726 2161 jures
757 2121 839 2150 nec
868 2107 1031 2165 frigora
1057 2109 1222 2152 brumae

116 2190 215 2234 Nec
241 2202 389 2232 curare
413 2189 561 2230 Notos
594 2188 638 2232 &
657 2186 755 2230 vim
785 2187 1066 2244 penetrabilis
1093 2188 1249 2240 aestfis3

119 2269 498 2315 Transmittuntur
527 2267 646 2312 enim
670 2268 788 2325 larga
813 2282 912 2310 cum
939 2269 1036 2312 luce
1064 2271 1233 2314 calores

120 2348 280 2396 AEstivi
304 2365 319 2398 ·‚
353 2363 494 2406 neque
524 2348 556 2391 fi
587 2347 732 2391 raucis
762 2347 1055 2404 Aquilonibus
1085 2362 1217 2397 atrox

121 2428 272 2490 Mugit
288 2428 432 2476 hiems
450 2460 463 2483 ,
485 2429 636 2474 duram
659 2428 792 2490 gelidi
809 2428 904 2474 vim
924 2428 1101 2489 frigoris
1119 2442 1268 2486 arcent
