1482 2834
487 255 790 316 LIBER
841 251 1001 312 VII.
1207 247 1355 325 ·-169

132 359 317 408 Radices
342 357 504 405 iterum
528 360 657 404 terris
685 371 784 418 aget
800 391 813 412 ,
842 369 973 415 atque
1000 364 1081 412 per
1101 361 1282 397 omnem

135 445 288 488 Latius
314 441 507 486 effundet
531 441 622 484 sese
646 438 852 483 vivacior
875 449 1044 496 agrum.

198 522 443 568 Intermifi‘a
465 523 606 566 boves
630 521 806 563 redeant
830 521 883 562 ad
905 529 1043 562 aratra
1059 548 1073 569 ‚
1098 513 1285 559 novales

137 605 452 662 Prosubigant‚
471 603 574 645 dum
588 599 738 644 mollis
753 613 879 658 ager,
895 598 1118 654 facilisque
1134 593 1338 646 moveri,

139 687 247 729 Non
266 685 434 742 pluviis
450 695 600 726 tamen
617 683 728 726 udus
749 681 907 738 aquis3
928 694 984 723 ne
1004 676 1135 722 craffa
1153 675 1370 719 revellant

138 767 283 825 Terga
306 766 433 814 soli;
459 779 566 822 quas
594 763 697 808 dein
719 764 864 821 glebas
890 775 972 804 nec
996 772 1157 804 vomer
1181 755 1343 808 aratri,

128 848 235 893 ‚Nec
257 846 423 903 pluviae
450 845 717 903 Zephitique
742 844 861 902 putri
885 844 1043 887 tellure
1069 840 1312 884 resolvent.

201 926 419 970 Difficiles
445 940 583 985 quum
608 926 697 982 jam
722 924 878 983 primis
903 923 928 968 a
953 922 1169 967 menfibus
1195 918 1299 964 anni

142 1009 291 1052 Sulcat
307 1000 467 1051 Arator
484 1022 613 1066 agros
633 1022 647 1056 ·‚
667 1006 989 1063 hominumque
1011 1005 1236 1059 boumque
1254 999 1426 1043 labores

143 1089 315 1146 Saepius
338 1091 524 1146 explora
551 1105 564 1132 t
591 1099 699 1131 tunc
722 1089 899 1131 demum
924 1072 1124 1142 intellige
1150 1080 1274 1125 crudi

148 1170 227 1213 Nil
252 1169 466 1226 supet-effe
485 1169 595 1222 soli,
623 1183 759 1226 quum
785 1166 906 1212 sciffa
929 1180 1008 1223 per
1031 1176 1212 1221 aequora
1236 1158 1382 1217 campi

149 1250 363 1293 Inseritur
386 1250 476 1294 fine
502 1250 553 1292 vi
577 1248 829 1293 transverfis
854 1246 1020 1304 pertica
1044 1243 1192 1289 sulcis.

215 1331 415 1375 Hiberno
441 1333 546 1377 dum
569 1330 694 1389 pigra
720 1330 822 1389 gelu
846 1328 940 1371 filet
963 1326 1096 1370 herba
1123 1340 1137 1375 3
1164 1323 1300 1368 soluti

145 1413 280 1457 Prata
308 1424 451 1455 terant
475 1411 657 1468 impune
681 1411 821 1454 boves
851 1423 865 1458 ;
888 1408 962 1451 sed
983 1421 1091 1450 vere
1117 1406 1345 1450 renascens
1382 1407 1385 1409 ’

155 1493 357 1538 Gramen
380 1491 456 1535 uhi
481 1491 616 1535 fiores
640 1489 893 1534 intermicat
910 1521 924 1542 ‚
947 1474 1118 1546 udaque
1140 1502 1283 1531 verno

153 1574 283 1619 Prata
297 1575 450 1617 colore
465 1574 621 1616 rubent
636 1587 652 1622 ⁶,
667 1558 825 1629 procul
837 1570 942 1613 hinc
956 1569 1140 1613 herbosa
1156 1568 1390 1612 secundum

156 1655 363 1700 Flumina
386 1655 584 1711 pascatur
606 1654 785 1713 gravior
809 1654 920 1710 pede
945 1665 1095 1696 taurus
1122 1649 1257 1694 inerti

157 1738 255 1780 Nec
279 1738 417 1780 calcet
441 1736 538 1795 spes
567 1735 660 1792 ipse
685 1735 781 1778 suas
805 1748 906 1778 cum
932 1733 1141 1777 mollibus
1169 1731 1333 1776 herbis.

161 1818 222 1860 At
241 1830 383 1874 neque
405 1816 517 1861 setta
540 1818 686 1875 legat,
712 1815 929 1874 floresque
956 1815 1106 1859 Puella
1131 1828 1210 1871 per
1239 1796 1394 1857 omnes

162 1897 290 1941 Erret
303 1930 318 1952 ,
339 1897 383 1941 ἀ
400 1896 608 1941 instabilis
627 1911 743 1940 nunc
759 1897 844 1940 hos
865 1910 983 1940 nunc
1003 1897 1194 1940 demetat
1213 1894 1317 1938 illos
1335 1927 1348 1948 ,

164 1980 295 2023 Nunc
323 1991 478 2022 omnes
504 1976 698 2021 effundat
720 1976 880 2025 humi;
907 1976 1141 2032 violasque
1166 1975 1323 2032 perosa

167 2061 294 2115 Quas
310 2060 441 2103 habet
458 2059 506 2102 in
522 2057 721 2102 manibus
739 2090 751 2111 ‚
772 2056 933 2113 cupido
953 2057 1113 2100 molles
1132 2055 1398 2112 hyacinthos

173 2143 334 2200 Ungue
349 2140 741 2197 petantenerasque
756 2153 874 2196 vago
889 2138 999 2195 pede
1019 2147 1216 2194 proterat
1230 2137 1400 2182 herbas.

230 2223 360 2265 Unus
385 2221 471 2266 etit
492 2235 636 2265 verno
660 2220 738 2279 qui
765 2234 966 2277 tempore
994 2230 1118 2276 prata
1141 2220 1329 2263 colonus

173 2304 410 2356 Ambulet‚
434 2314 484 2346 ut
505 2301 662 2358 juncos
688 2302 779 2345 ima
803 2303 855 2344 de
881 2299 1012 2356 stirpe
1037 2300 1222 2343 revellat
1240 2331 1255 2353 ,

176 2385 243 2428 Ac
267 2383 435 2440 lapides
452 2415 467 2437 ,
492 2383 536 2427 &
561 2383 593 2426 fi
618 2397 703 2440 qua
730 2381 872 2435 jacent
900 2380 1095 2425 obnoxia
1120 2379 1219 2425 falci
1235 2412 1250 2433 ,

174 2467 428 2518 Amoveat3
456 2465 669 2523 nudaque
693 2477 824 2508 ruens
850 2460 1021 2507 telluris
1047 2474 1230 2507 acervos
1248 2492 1266 2515 ,
