1500 2886
515 230 814 288 LIBER
895 230 993 287 ΙΙ.
1274 248 1346 305 43

114 335 298 394 Ipsaque
319 333 542 393 laurigero
563 334 730 379 versari
753 347 939 378 vomere
962 334 1156 392 gaudens

116 418 254 461 Terra
278 415 554 473 triumphalis
580 416 807 472 superabat
830 427 940 459 vota
966 413 1135 458 coloni.

180 498 230 542 Si
248 499 391 542 sacros
413 510 562 542 tamen
578 499 757 541 annales
772 529 787 551 ,
810 509 1103 554 veterumque
1120 494 1323 539 virorum

115 581 339 623 Evolvam
360 591 646 623 monumenta
667 593 683 628 3
707 591 861 636 greges
885 569 1065 622 servare
1084 590 1293 634 paternos

118 660 324 704 Nobilius
339 660 486 704 visum
504 659 565 703 est
592 659 704 703 olim
720 692 733 713 ,
758 658 891 718 quam
908 673 1095 703 vomere
1113 670 1249 701 terras

117 742 330 786 Exercere
353 748 532 800 graves,
559 741 777 799 sulcisque
802 741 1030 799 reposcere
1055 741 1220 799 fruges.

115 823 261 866 Aurea
277 819 468 879 namque
483 822 561 866 sub
578 823 671 867 haec
687 822 842 866 mundi
860 821 1103 880 primordia
1118 854 1130 874 ‚
1153 822 1324 878 Regum

117 903 357 961 Progenies
382 904 631 948 veneranda
649 935 663 958 ‚
689 905 851 961 pedum
872 903 892 960 (
903 903 1114 960 praeludia
1134 902 1320 959 sceptri)

114 983 331 1028 Pastorale
354 998 508 1043 gerens
525 1013 538 1034 ,
564 985 724 1028 ovium
749 983 1050 1029 moderamine
1072 984 1234 1028 blando

114 1064 347 1118 Subjeaos
373 1067 596 1123 quondam
621 1066 810 1110 discebat
835 1067 993 1110 habere
1015 1065 1220 1123 benignis

114 1147 319 1204 Imperiis
342 1150 561 1206 populos,
588 1161 672 1192 nec
696 1161 806 1205 opes
831 1137 1046 1191 crudelius
1063 1179 1077 1199 ,
1102 1145 1233 1189 instar

115 1226 312 1271 velleris
329 1259 344 1282 ‚
367 1229 421 1271 ad
443 1227 604 1272 vivum
629 1229 819 1272 resecare
837 1260 851 1282 ‚
877 1227 1096 1285 superflua
1123 1227 1294 1271 tantum

121 1310 206 1352 Sed
227 1309 320 1352 leni
348 1310 530 1352 tondere
555 1323 690 1353 manu
705 1340 720 1364 ,
741 1311 807 1353 lac
831 1304 988 1354 ducere
1013 1309 1161 1367 preffis

118 1388 324 1433 Molliter
348 1389 552 1434 uberibus
569 1423 583 1443 ‚
607 1404 702 1434 non
727 1389 988 1449 immulgere
1014 1404 1233 1434 cruorem.

174 1471 236 1513 At
258 1484 397 1514 vacua
423 1469 601 1514 incultis
629 1483 679 1515 ut
706 1484 832 1516 erant
856 1484 962 1515 tunc
988 1470 1139 1515 omnia
1164 1469 1292 1514 terris
1307 1502 1322 1524 ,

116 1551 327 1596 Custodes
352 1552 510 1596 ovium
534 1554 635 1597 loca
657 1568 738 1611 per
760 1555 926 1597 deserta
947 1565 1188 1612 vagantum

115 1632 219 1677 Alta
244 1633 320 1676 sub
345 1632 501 1677 innubi
525 1645 784 1694 peragentes
810 1634 903 1678 otia
926 1637 1077 1688 coelo,

116 1714 223 1755 Non
249 1712 420 1756 tantum
448 1713 638 1758 didicere
662 1715 809 1773 gregis
838 1729 935 1772 quae
962 1729 1064 1759 cura
1090 1717 1239 1760 tuendi

115 1792 305 1849 Optima
321 1826 336 1847 ,
353 1808 450 1851 quae
471 1796 651 1839 morbos
672 1797 716 1839 δι
734 1810 833 1854 quae
851 1797 959 1840 ferat
974 1798 1107 1841 herba
1122 1798 1304 1842 salutem
1319 1813 1336 1848 3

116 1874 271 1919 Aerias
295 1887 464 1920 tentare
489 1878 648 1922 domos
664 1911 678 1932 ‚
705 1880 909 1937 lunaeque
933 1880 1105 1935 labores

115 1956 172 2001 Et
197 1956 372 2000 varium
397 1957 503 2002 coeli
528 1957 695 2015 placuit
721 1960 989 2017 cognoscere
1014 1973 1204 2004 rnorem.
1234 2003 1238 2010 f

114 2037 354 2082 Servat-unt
376 2038 510 2096 primi
538 2039 677 2084 tacito
707 2041 897 2085 labentia
923 2053 1052 2085 motu

50 2140 53 2143 ·
114 2118 264 2162 Sidera
289 2135 304 2169 ς
330 2121 626 2166 transversum
650 2124 803 2167 mundi
827 2123 1087 2168 revolubilis
1114 2137 1244 2167 axem

114 2199 169 2243 Et
194 2200 400 2259 geminos
424 2201 606 2247 statuere
634 2206 766 2261 polos
783 2236 796 2258 ‚
818 2205 1042 2261 solemque
1070 2204 1208 2247 secuti

111 2281 398 2340 Nominaque
426 2283 470 2326 &
493 2297 704 2328 numeros
730 2284 861 2343 lignis
886 2284 1032 2328 fecere
1049 2316 1060 2336 ,
1088 2286 1294 2328 volentes

113 2362 178 2405 Ut
202 2362 356 2418 pecori
377 2363 421 2406 δι
445 2363 578 2408 stellis
606 2364 718 2409 aries
746 2367 836 2408 dux
861 2363 967 2407 effer
987 2379 1001 2414 3
1024 2364 1066 2408 δε
1087 2364 1203 2408 idem

114 2444 249 2488 Coelo
265 2476 280 2499 ,
308 2443 385 2503 qui
406 2444 582 2491 stabulis
607 2458 803 2491 armenta
818 2477 831 2499 ,
860 2447 1085 2490 reduceret
1110 2459 1289 2489 annum.
