1500 2886
66 261 139 307 12
313 243 640 301 PRAEDII
681 244 1047 302 Rvsrlct

117 365 338 409 Praetereo
356 376 506 422 raptos
526 364 678 408 furtim
697 367 749 409 de
768 365 863 409 vite
884 378 1084 409 racemos
1104 396 1119 418 ‚

56 445 243 489 Avulsas
263 460 362 489 cum
381 447 536 491 fronde
554 461 688 491 nuces
708 475 722 497 ,
749 448 792 491 &
809 461 970 504 poma,
998 445 1210 505 vagisque

55 526 280 569 Abductos
300 528 411 570 clam
428 527 576 571 fraude
596 527 710 571 malai
729 542 829 572 cum
843 528 1059 593 'matribus
1079 540 1246 587 agnos,

56 608 204 663 Atque
225 609 422 658 bovem;
446 608 524 666 qui
544 609 577 651 fi
599 622 749 666 pereat
766 642 778 662 ,
804 609 972 653 vicinia
993 608 1099 652 furti

58 687 129 731 Sit
145 688 339 746 suspesta
355 689 437 733 tibi
454 705 465 733 ε
485 703 628 746 neque
645 689 764 733 enim
781 691 894 733 solet
909 690 984 734 ille
1001 699 1201 734 remotos

52 769 305 814 Eri-abunda
325 773 483 828 procul
506 770 690 829 vestigia
714 772 827 814 ferre
847 785 926 826 per
946 784 1090 828 agros.

115 851 264 906 Qudm
282 852 467 896 miseros
485 852 649 896 condes
669 852 784 896 soles
802 852 898 894 haec
915 850 1032 895 inter
1054 855 1064 896 !
1089 849 1268 908 Ubique

53 933 212 977 Dulcis
233 933 431 977 amicitia
450 933 539 982 est3
571 934 646 977 sed
663 932 776 976 fidus
794 946 893 975 rure
912 916 1075 977 sodalis

0 1070 2 1072 ‚
55 1013 197 1057 Utilis
220 1013 425 1070 inprimis
445 1047 457 1067 ,
482 1026 532 1057 ut
553 1013 682 1057 taedia
703 1025 849 1071 gratus
874 1013 1017 1058 amico

52 1093 211 1137 Diluat
234 1094 433 1151 alloquio
450 1127 462 1147 ‚
495 1079 708 1137 con⁸vivia
733 1106 883 1137 mutua
904 1106 1026 1138 curet
1041 1126 1056 1147 ‚

0 1187 1 1215 3
52 1175 372 1233 Auxiliumque
388 1176 496 1219 ferat
511 1177 654 1218 bonus
674 1174 946 1232 accipiatque
961 1172 1167 1220 viciffim.

51 1255 165 1312 Quae
182 1256 264 1300 tibi
280 1257 312 1299 fi
328 1257 418 1300 ruri
431 1256 604 1320 deerint
624 1289 636 1309 ,
658 1256 941 1314 animumque
957 1267 1192 1299 vacantem

49 1339 107 1382 Et
123 1339 332 1382 volucres
349 1336 518 1380 tantum
536 1337 712 1393 pascant
729 1369 743 1390 ‚
768 1336 983 1394 tacitique
1002 1335 1187 1380 receffus
1203 1368 1219 1388 ,

51 1420 149 1463 Nec
169 1419 249 1462 nifi
265 1433 365 1462 cum
381 1418 561 1475 stupidis
581 1418 662 1462 tibi
680 1419 762 1462 fint
778 1418 1046 1462 commercia
1062 1417 1200 1462 servis
1217 1432 1233 1467 3

50 1500 257 1543 Urbanos
284 1510 456 1555 repetes
482 1498 686 1556 neglecto
712 1513 811 1542 rure
838 1511 1034 1555 penates.

10 1561 17 1597 ¹⁴
50 1581 191 1638 Atqui
217 1594 311 1624 non
335 1581 426 1623 alio
453 1579 622 1623 tantum
646 1578 867 1623 laetamine
893 1580 1023 1622 tellus

12 1651 15 1689 ¹,
46 1662 277 1721 Quantum
290 1664 422 1706 oculo
434 1661 624 1705 Domini
638 1663 793 1719 gaudet
805 1677 818 1711 ·‚
836 1659 972 1705 modo
983 1674 1083 1704 rure
1092 1661 1295 1705 laborum

13 1733 17 1806 'J
49 1743 234 1786 Utilitas
255 1731 423 1799 placeat
437 1775 450 1795 ‚
476 1755 570 1785 non
595 1741 803 1785 desidiosa
826 1743 1037 1799 voluptas
1055 1774 1070 1796 ‚

48 1825 246 1883 Otiaque
271 1826 323 1868 ad
347 1825 518 1882 gelidos
543 1825 690 1867 fontes
707 1856 720 1877 ‚
746 1825 790 1867 δε
813 1825 866 1866 ad
890 1823 1059 1867 arboris
1079 1823 1296 1868 umbi-ami

110 1906 282 1950 Idcirco
302 1906 514 1963 quantum
536 1906 728 1962 praesens
748 1905 926 1948 fortuna
943 1907 1018 1948 vel
1038 1904 1132 1962 agri

0 2013 21 2052 !⁴
47 1988 270 2032 Nobilitas
293 1986 458 2043 patitur
475 2020 488 2040 ‚
513 1986 594 2030 tibi
615 1985 922 2030 commodiora
943 1987 1178 2029 domorum

0 2054 2 2085 :
46 2068 227 2112 Exstrue
247 2068 439 2110 membra
459 2083 471 2112 ς
493 2068 610 2111 dabis
629 2079 776 2110 tamen
795 2067 887 2110 otia
905 2066 1047 2123 prima
1066 2065 1258 2110 serendis

0 2154 3 2207 ᾗ
48 2150 288 2194 Arboribus
309 2182 321 2202 ,
347 2149 563 2205 postrema
582 2150 718 2192 domo
737 2148 996 2205 stabulisque
1017 2148 1242 2204 parandis.

0 2222 4 2231 ’
111 2231 264 2287 Incipe
279 2263 292 2284 ‚
320 2231 363 2274 &
390 2231 606 2288 Agricolae
631 2232 750 2288 quod
767 2229 925 2274 inertia
944 2232 1077 2288 longa
1095 2229 1259 2287 prioris

49 2312 243 2356 Perdidit
261 2345 273 2364 ‚
299 2312 348 2354 in
365 2313 522 2356 melius
547 2313 667 2356 felici
687 2313 858 2370 corrige
880 2311 996 2355 curd.

49 2393 250 2448 Namque
260 2405 415 2448 parens
426 2393 656 2436 hominum
670 2427 680 2444 ‚
697 2378 902 2436 aeterinam
914 2392 1071 2435 sortita
1084 2392 1310 2453 juventam
1322 2394 1339 2449 3

23 2451 27 2465 .
45 2473 157 2518 Non
174 2471 298 2517 senio
318 2473 451 2517 tellus
469 2500 482 2523 ,
504 2487 598 2517 non
615 2472 765 2517 deficit
783 2474 914 2518 ubere
933 2485 1058 2532 partu
1077 2488 1091 2522 ;
