1500 2886
180 294 287 333 112
409 275 743 333 PRAEDII
790 277 1195 338 Rvsrtct‘

169 375 358 419 Deliffls
383 376 555 434 poffent
575 392 586 422 ε
607 380 751 422 lucem
769 379 997 437 vitamque
1016 381 1199 437 perosus

112 475 116 478 ·
169 456 394 506 Delituit3
422 458 650 515 certusque
669 459 786 502 mori
805 461 928 503 canis
951 461 1108 504 horrea
1126 451 1286 505 Bacchi

169 539 297 580 Caeca
315 538 428 594 petit
445 570 460 592 ,
489 553 687 597 cupaque
707 540 844 598 gemit
863 541 951 584 fine
979 540 1068 585 fine
1086 542 1162 586 sub
1183 544 1288 586 alta.

167 618 406 676 Indulgens
423 619 604 663 veniam
623 620 848 664 Dominus
868 603 885 674 ‚⁵
914 623 1154 678 compellat
1172 619 1311 664 amica

168 698 298 748 Voce
312 713 465 744 canem
477 715 491 750 ·‚
502 701 576 744 sed
585 702 786 744 acerbum
798 701 913 744 acuit
923 715 1021 745 vox
1031 701 1210 759 cognita
1221 700 1406 752 luctuum

166 781 262 822 Nec
287 779 367 823 nist
392 795 471 837 per
494 783 710 839 lacrymas
733 783 778 825 &
802 796 881 839 per
906 781 1048 826 tristes
1075 785 1269 826 ululatus

167 861 452 917 Respondeas
469 894 483 915 ‚
504 861 767 920 dapibusque
787 877 950 921 negans
967 864 1211 921 producere
1229 862 1401 916 vitam,

165 940 350 996 jejunos
375 956 569 986 moerore
593 945 686 986 dies
711 944 895 987 absumit
922 946 1097 989 acerbo.

226 1023 293 1065 Ite
310 1021 447 1066 modo
460 1056 473 1077 ,
496 1023 540 1066 &
557 1037 654 1079 quae
673 1037 788 1067 vana
806 1024 948 1080 Sophi
966 1024 1217 1068 commenta
1233 1025 1473 1082 loquuntur

167 1101 344 1146 Credite
362 1136 374 1156 ‚
400 1102 519 1160 quod
543 1114 691 1146 tantos
716 1103 895 1159 capiunt
920 1103 1126 1147 animalia
1149 1105 1295 1148 sensus
1315 1136 1328 1157 ‚

167 1183 311 1240 Seque
328 1196 514 1228 movent
530 1185 618 1228 fine
634 1197 781 1229 mente
799 1200 813 1235 3
830 1184 919 1249 suis
937 1197 987 1228 ut
1003 1185 1206 1229 machina
1221 1184 1373 1228 nervis

168 1263 359 1308 Ducitur
380 1266 465 1309 huc
488 1266 624 1316 illuc;
651 1278 701 1309 ut
725 1280 826 1309 acus
854 1266 1106 1332 magnetica¹
1126 1265 1252 1310 mitis

166 1347 406 1404 Irrequieta
430 1347 575 1391 modis
600 1359 745 1404 partes
771 1348 817 1391 se
844 1348 991 1391 versat
1019 1347 1067 1390 in
1093 1362 1250 1391 omnes
1269 1379 1284 1400 ,

167 1428 330 1472 Donec
353 1429 672 1485 hyperboream
697 1428 872 1470 tandem
893 1428 1137 1484 respexerit
1157 1426 1340 1472 Ατᾶοη.

197 1515 199 1517 ’
227 1508 412 1552 Instruat
436 1508 611 1552 infidias
639 1508 758 1552 canis
778 1540 791 1562 ,
821 1509 864 1551 ὅ(
889 1522 968 1566 per
993 1521 1142 1564 aperta
1167 1508 1340 1551 secutus

167 1590 289 1634 Arva
313 1591 448 1634 feram
465 1622 478 1642 ‚
505 1591 678 1646 spernat
702 1588 886 1646 vestigia
911 1600 1019 1631 nota
1043 1587 1216 1647 viarum
1236 1619 1252 1641 ,

169 1670 226 1714 Et
250 1682 370 1726 petat
395 1669 578 1726 obliquo
605 1667 864 1725 compendia
891 1667 1066 1710 tramite
1086 1700 1099 1720 ,
1127 1667 1257 1710 furtis

169 1751 286 1807 Apta
303 1749 392 1793 suis
415 1754 425 1794 !
447 1752 573 1806 lepus
594 1749 688 1806 ipse
709 1762 836 1792 canes
856 1748 953 1804 post
972 1761 1092 1807 terga
1111 1749 1315 1805 sequaces-
1450 1794 1453 1798 ,

169 1832 309 1875 Ludat
326 1864 338 1884 ‚
370 1832 414 1874 &
431 1830 676 1886 implicitos
695 1830 932 1872 confundat
950 1829 1087 1872 odora
1107 1843 1184 1885 pet
1202 1829 1329 1872 orbes
1450 1828 1451 1832 ’

171 1913 304 1971 Signa
324 1913 483 1968 pedum
502 1943 514 1964 ‚
536 1911 766 1966 nullosque
786 1912 914 1952 dolos
933 1910 980 1951 in
995 1910 1173 1966 pestere
1191 1910 1335 1955 verset
1353 1901 1367 1956 ἔ
1426 1900 1448 1963 ³¹9

168 1994 336 2050 Expers
362 1991 532 2035 confilii
559 1991 690 2034 miras
719 2003 921 2034 exerceat
946 2003 1059 2034 artes

171 2073 334 2116 Simius
352 2105 366 2127 ‚
396 2074 440 2116 δε
466 2072 585 2116 fustis
609 2074 741 2115 lateat
766 2072 1002 2115 formidine
1021 2104 1034 2125 ,
1062 2074 1200 2128 culpae

169 2153 336 2197 Inscius
362 2152 454 2208 ipse
479 2153 565 2195 suae
593 2155 603 2196 Ξ
632 2151 853 2208 capiendis
878 2152 1066 2207 piscibus
1094 2165 1216 2209 aptas

1420 2020 1439 2035 ,³

1421 2046 1438 2082 ’Ἴ

170 2234 373 2290 (Magnae
391 2232 553 2276 mentis
569 2235 710 2289 opus)
731 2231 838 2275 fiber
854 2235 944 2275 alto
962 2233 1008 2275 in
1025 2233 1208 2277 flumine
1225 2235 1367 2278 moles
1417 2228 1435 2278 ’,

170 2312 372 2356 AEdificet
400 2316 411 2357 ἱ
440 2312 560 2355 tanta
583 2311 710 2355 nidos
738 2312 833 2354 avis
859 2312 1049 2355 exstruat
1073 2326 1164 2356 arte
1187 2317 1198 2358 ἔ

165 2395 466 2450 'Venturaeque
486 2393 646 2437 hiemis
664 2407 886 2459 memores
906 2394 1047 2438 aestate
1067 2406 1285 2451 reponant

165 2475 218 2519 In
236 2486 470 2520 commune
489 2473 609 2519 cibos
630 2473 726 2532 apis
747 2473 995 2519 &formica
1014 2490 1029 2526 3
1054 2489 1136 2520 nec
1155 2478 1299 2518 ullum.

1165 2556 1397 2615 Ingenium
