1500 2834
503 248 800 304 Llsssszt
852 245 973 329 VL
1249 260 1362 318 147

117 345 431 409 Emoriturque
459 350 638 394 trahens
664 363 789 394 ramo
820 349 942 406 quod
972 344 1131 404 saepius
1161 345 1241 390 uni

37 430 41 433 ’
119 430 343 476 Morfibus
369 430 585 489 inspirant
609 430 817 476 animalia
844 431 939 474 dira
967 443 1210 474 venenum.

181 513 230 555 Si
254 512 375 556 facili
398 514 542 569 placet
563 513 774 569 exemplo
797 510 1068 569 cognoscere
1093 510 1212 555 succi

119 592 372 637 circuitum
394 593 589 646 reducis,
615 605 813 637 teneram
836 606 938 636 cum
956 590 1162 648 stirpibus
1180 592 1359 636 herbam

118 675 254 719 Velle
278 677 377 720 solo
402 690 415 719 z
441 675 594 740 mersae
619 674 764 732 stirpis
789 688 890 731 pars
915 675 1051 717 altera
1054 672 1220 741 litam

119 757 267 801 Ducat
290 756 417 815 aquis
434 789 447 810 ‚
470 769 596 801 extra
613 757 825 816 cyathum
839 770 942 813 pars
960 741 1149 812 pendeat
1169 769 1183 803 ·,
1203 745 1360 804 omnes

71 831 83 836 ’
119 840 249 882 Unus
272 839 360 880 alet
384 837 486 882 fatis
511 837 687 895 paribus
712 837 975 883 revolubilis
998 837 1177 880 humor.

117 918 332 962 Praeterea
355 918 389 962 fi
413 919 529 963 forte
547 921 567 977 (
578 920 724 964 solum
747 918 1055 963 mordentibus
1079 917 1212 962 undis
1231 916 1250 971 )

116 1000 305 1044 Radices
328 986 461 1044 arbor
485 1002 624 1044 nudas
649 1000 887 1044 ostenderit
904 1032 920 1054 ‚
936 1013 1073 1042 unam

115 1081 333 1125 Intercide
359 1096 374 1131 ;
401 1082 523 1126 nova
546 1081 725 1138 stirpem
750 1081 966 1125 mirabere
989 1082 1149 1124 caesam

115 1163 291 1206 fronde
315 1162 463 1207 virere
488 1179 504 1214 ⁰,
533 1162 641 1207 licet
667 1177 763 1206 non
787 1166 922 1207 altera
949 1164 1110 1219 pabula
1138 1165 1270 1207 tellus

119 1243 315 1287 Sufficiat
331 1277 344 1298 ,
367 1244 499 1302 quam
524 1259 623 1303 qnae
648 1245 785 1288 ramis
813 1244 1075 1287 transmittit
1102 1246 1154 1286 ab
1181 1245 1298 1289 altis.

180 1325 391 1369 Succosas
415 1326 490 1369 ubi
514 1326 655 1383 coepit
677 1326 822 1369 hiems
849 1324 1149 1384 constringere
1166 1340 1304 1369 venas
1317 1357 1334 1380 ‚

118 1406 371 1451 Deficiente
397 1407 498 1452 cibo
522 1409 728 1452 labuntur
753 1410 806 1452 ab
829 1409 986 1452 arbore
1007 1408 1187 1466 frondes
1207 1440 1221 1462 ,

118 1487 412 1546 Hibernoque
437 1488 565 1532 filent
590 1501 820 1546 torpentes
845 1489 1013 1548 frigore
1038 1489 1180 1534 rami:

47 1569 55 1581 '
119 1569 285 1628 Lignea
310 1573 416 1615 dum
438 1571 639 1628 tepidum
657 1572 754 1615 Ver
779 1571 1044 1628 spiramenta
1069 1574 1238 1617 relaxet
1257 1587 1274 1621 ·,

120 1654 267 1710 Atque
292 1653 371 1696 via
397 1653 639 1709 plantasse
668 1639 879 1697 liberiore
905 1667 986 1711 per
1011 1667 1170 1698 omnes

120 1734 305 1792 Largior
334 1733 531 1779 effundat
556 1735 709 1779 succus
727 1767 742 1789 ‚
768 1748 903 1793 quem
931 1746 1047 1778 terra
1071 1735 1231 1779 solutis
1254 1786 1258 1789 ¹

121 1815 321 1873 Collegit
345 1815 525 1860 nivibus
551 1816 800 1874 plantisque
829 1815 1047 1875 impendit
1070 1818 1259 1862 alendis,

40 1932 42 1948 ,
123 1897 243 1941 Hinc
268 1911 389 1941 nova
417 1898 648 1942 vernantis
670 1898 808 1943 facies
830 1899 1004 1943 telluris
1027 1914 1038 1944 ε
1060 1899 1107 1941 in
1125 1900 1302 1943 herbam

40 1995 43 2027 3
122 1979 298 2023 Prosilit
318 1982 429 2023 alma
446 1981 581 2024 Ceres
598 2012 612 2034 ,
634 1979 760 2039 viget
783 1981 943 2031 arbor·‚
965 1982 1010 2024 &
1027 1982 1160 2025 ubere
1178 1980 1304 2025 victu

41 2051 42 2055 ¹
121 2061 373 2105 Brumalem
398 2062 536 2106 solata
558 2063 722 2107 famem
738 2095 752 2116 ‚
782 2063 827 2106 se
857 2062 1015 2106 fronde
1042 2062 1212 2106 virenti

40 2126 43 2133 ’
68 2187 74 2189 λ
121 2142 269 2187 Induit
286 2175 300 2196 ,
328 2143 373 2186 δι
396 2143 529 2188 ramis
553 2145 753 2188 crescens
780 2142 983 2200 pubescit
1010 2143 1183 2200 opacis.

183 2225 287 2279 Qua
321 2224 492 2270 ratione
521 2225 636 2270 subit
663 2223 856 2270 radicem
883 2225 1035 2268 succus
1054 2258 1069 2279 ,
1094 2226 1139 2268 &
1166 2226 1275 2268 altas

121 2307 299 2350 Invadit
326 2307 504 2351 frondes
533 2322 550 2358 ς
576 2320 626 2352 ac
650 2307 797 2351 rursus
826 2307 878 2350 ab
906 2306 1076 2350 arbore
1092 2299 1262 2349 sumffia

123 2388 192 2431 Ad
216 2386 395 2444 stirpem
424 2387 574 2434 refluit
599 2389 620 2446 (
632 2390 812 2433 Natura·
838 2391 1028 2447 arcana)
1056 2389 1243 2432 docebo.

180 2468 273 2527 Qui
289 2471 455 2517 coelum
474 2481 595 2519 tenet
612 2484 749 2519 omne
761 2503 778 2529 ,
798 2470 884 2517 soli
899 2484 1079 2531 quoque
1098 2479 1296 2526 permeat
1315 2467 1450 2511 :t-ther

1025 2550 1072 2596 K
1101 2549 1133 2607 ij
