1500 2886
104 294 193 361 v8¹8
357 297 694 360 Pazon
732 289 1107 356 Rvs'rrcz

173 402 289 459 Ergo
316 401 444 460 mane
469 415 622 459 greges
649 401 836 444 subeunt
861 398 1046 458 magalia
1072 397 1266 442 circum}
1319 403 1322 406 ’

114 481 400 538 Mulgendam
427 482 612 538 propius
639 481 770 538 quam
794 483 892 525 vult
915 474 1116 524 accedere
1139 491 1322 523 vaccam

115 561 287 609 Evocat
307 593 319 614 ‚
353 562 398 603 δι
424 561 609 618 proprio
635 563 871 619 compellat
896 560 1078 605 nomine
1106 558 1272 604 Pastor.

117 641 246 684 Paret
262 673 274 694 ‚
303 641 347 684 &
371 641 583 698 appofitis
610 642 805 685 obvertit
829 653 1004 701 tergora
1029 639 1226 684 mulstris
1248 654 1262 683 ε

118 724 187 765 Ne
203 722 354 765 latices
373 734 544 779 premat
562 754 575 776 ,
598 723 642 766 δι
659 720 794 766 vituli
813 736 986 766 memor
1003 755 1016 775 ,
1036 722 1168 765 ubera
1186 730 1324 764 mater

120 801 393 852 Contineati
420 802 589 859 primus
614 815 720 847 nato
747 802 1020 860 permittitur
1038 801 1226 846 haustus.

178 884 348 927 Interea
374 884 522 927 mulsae
547 895 752 941 repetunt
778 886 883 928 dum
907 885 1064 941 pascua
1090 895 1250 941 matres
1271 896 1286 930 ·,

121 961 316 1007 Pastores
343 964 484 1008 niveae
507 964 743 1022 liquefaEta
773 963 1178 1022 coagula-muliirae

120 1043 331 1099 Injic-iunt
351 1078 364 1098 ‚
390 1044 672 1101 manibusque
695 1055 901 1101 premunt
923 1045 990 1087 lac
1015 1045 1151 1086 molle
1172 1075 1186 1096 ‚
1211 1042 1444 1095 serumque

121 1124 290 1182 Pingue
314 1124 465 1179 jubent
494 1125 643 1168 sudare
670 1123 796 1180 gravi
819 1123 896 1166 sub
922 1123 1118 1179 pondere
1145 1121 1255 1165 saxi.

135 1243 140 1245 .
185 1205 350 1248 Bucera
373 1204 513 1248 visuri
539 1207 716 1257 montes
745 1215 940 1247 armenta
963 1210 1044 1260 per
1067 1205 1197 1246 altos.

126 1285 174 1328 Si
202 1287 376 1342 quando
402 1285 594 1328 Domini
624 1284 813 1329 veniant
839 1299 898 1327 ex
921 1285 1028 1328 urbe
1047 1316 1062 1338 ‚
1091 1285 1260 1328 calores
1311 1295 1318 1322 1

127 1368 191 1409 Ut
217 1366 390 1410 nimios'
413 1366 560 1410 vitent
578 1399 589 1418 ‚
623 1366 666 1408 δε
693 1363 900 1408 liberiore
928 1365 1127 1408 fruantur

128 1449 273 1497 Aere3
301 1446 429 1505 quam
458 1448 646 1506 gaudent
669 1448 816 1490 lentos
839 1445 888 1488 in
914 1445 1110 1503 gramine
1132 1444 1263 1489 molli
1316 1462 1322 1471 ¹

127 1529 256 1571 Ferre
285 1529 440 1585 gradus
461 1560 474 1580 ,
502 1525 627 1570 laetis
655 1526 806 1570 maffas
833 1540 1061 1570 numerare
1091 1525 1234 1569 coaeti

129 1609 184 1650 Et
209 1608 397 1651 nitidum
422 1622 557 1664 pecus
583 1621 634 1650 ac
659 1606 832 1663 pecoris
858 1604 1048 1662 spectare
1074 1605 1299 1663 magistros
1321 1608 1333 1650 ἶ

129 1689 236 1733 Sive
258 1704 336 1746 per
355 1688 593 1732 herbosum
613 1701 721 1745 grex
739 1687 847 1731 liber
867 1687 1117 1730 obambulat
1137 1700 1288 1743 agrum
1310 1703 1325 1736 ⁰,

128 1770 235 1813 sive
263 1771 362 1814 solo
394 1769 616 1813 decumbit
641 1769 760 1812 iners
782 1801 796 1822 ,
824 1770 868 1811 δι
891 1767 1086 1811 ruminat
1110 1767 1266 1809 herbas
1292 1781 1307 1810 2

131 1849 317 1907 Pinguia
341 1851 575 1892 tondentes
607 1860 790 1905 carpunt
818 1849 893 1891 seu
917 1848 1075 1904 pascua
1093 1861 1239 1890 vaccae
1262 1863 1278 1897 ;

132 1932 353 1988 Plenaque
370 1931 625 1987 pascentum
640 1928 774 1972 vituli
791 1928 957 1972 circum
973 1930 1104 1971 ubera
1121 1939 1311 1972 matrum
1439 1978 1448 1987 .

129 2013 221 2056 Vel
240 2014 397 2056 ludunt
414 2044 426 2064 ‚
458 2012 634 2054 herbam
654 2010 813 2053 timido
832 2012 907 2054 vel
926 2011 1056 2054 dente
1078 2008 1288 2052 lacefl‘unt
1307 2022 1324 2053 a
1446 2015 1456 2066 ‘g

134 2095 282 2137 Ubera
307 2094 382 2136 seu
409 2091 584 2149 pecoris
612 2091 753 2135 custos
782 2091 987 2134 laetantia
1013 2091 1176 2140 ficcat;

134 2173 322 2218 Nudatis
346 2176 422 2217 vel
451 2171 635 2215 mulfitra
666 2171 828 2228 premit
853 2184 1059 2236 concreta
1086 2169 1258 2214 lacertis
1279 2185 1293 2216 z

137 2255 245 2299 Sive
272 2255 342 2297 die
366 2253 475 2298 festo
505 2252 618 2296 socii
646 2254 699 2295 de
726 2253 950 2304 montibus
979 2253 1132 2296 adsunt

141 2333 377 2390 Contiguis
397 2366 409 2385 ,
437 2335 647 2392 largoque
674 2332 863 2397 bilarant
891 2333 1104 2378 convivia
1122 2334 1312 2378 Bacchei

199 2414 284 2470 Ipfi
311 2416 420 2457 adeo
445 2414 562 2457 dulci
586 2414 768 2458 foveant
792 2426 842 2456 ut
864 2413 1035 2458 viscera
1058 2427 1171 2471 potu
1188 2447 1202 2467 ,

137 2493 266 2545 La&
281 2507 452 2545 merum
462 2493 654 2543 Domini
670 2506 866 2544 mutants
883 2494 1160 2552 medicosque
1175 2494 1370 2554 liquores
