1500 2886
187 278 262 336 26
426 279 759 335 PRAEDJJ
805 278 1213 337 Rvsrrct‘

181 378 334 436 Frigus
361 379 404 421 ὅ(
425 380 659 422 humorem
682 377 822 435 pruna
839 408 854 425 ‚
880 375 1120 435 crebroque
1145 373 1347 422 revisens
1379 372 1390 377 ”

181 459 396 502 Infincera
424 474 558 502 manu
582 473 765 503 remove
793 475 807 509 ς
834 473 889 502 ne
918 469 1074 502 mucor
1097 459 1150 502 ab
1172 471 1266 503 uno

183 541 338 596 Serpat
356 573 369 594 ,
395 541 439 584 δε
464 538 513 584 in
539 542 704 584 tabulas
728 539 816 584 lat'e
841 539 1044 598 contagia
1069 549 1264 583 manent.

243 623 416 666 Horrea
442 621 671 665 Sithonius
701 621 863 664 Boreas
893 619 1076 677 inspiret
1098 634 1109 663 ε
1131 618 1304 676 aquofis

181 703 276 745 Nec
301 702 450 746 subeat
474 701 632 759 pennis
658 700 864 745 inimicus
891 700 1084 759 frugibus
1110 699 1283 744 Auster.

182 781 310 826 Ditia
334 781 595 840 Tectosages
625 782 773 826 medio
804 782 1002 839 granaria
1024 781 1132 824 vico

183 862 421 907 AEdificant
438 897 450 917 ,
481 865 525 907 &
553 865 691 907 humo
717 865 912 908 condunt
935 864 1154 907 frumenta
1182 862 1417 904 domorum

182 945 299 987 Ante
324 945 440 988 fores
462 979 475 1000 ‚
499 947 665 1002 pluviae
691 947 838 989 secura
863 943 1031 1011 ruentis
1051 977 1064 998 ‚
1089 945 1132 987 δί
1157 957 1272 990 aurae

183 1024 352 1069 Omnia
381 1039 599 1084 perpetuo
628 1027 843 1070 solventis
873 1039 1061 1083 corpora
1089 1026 1232 1081 pulsu.

245 1107 457 1151 Curculio
482 1108 606 1152 farris
631 1109 832 1151 cumulos
856 1107 933 1150 ubi
961 1108 1116 1150 rodere
1145 1105 1285 1162 coepit
1301 1135 1316 1159 ,

183 1190 364 1232 Summa
386 1201 533 1243 tenet,
563 1202 750 1246 totoque
768 1190 887 1232 luem
909 1186 1142 1244 permiscet
1161 1199 1323 1230 acervo
1340 1193 1359 1240 ‚‘

183 1269 388 1317 Ventilat
418 1270 567 1313 exesas
593 1269 669 1327 qui
698 1271 827 1325 plena
850 1258 929 1325 per
953 1269 1112 1311 horrea
1135 1268 1300 1325 fruges.

246 1350 463 1408 Agricolae
487 1350 539 1392 fit
563 1351 665 1393 laxa
689 1351 846 1392 domus
870 1364 881 1393 ε
903 1349 976 1391 sua
999 1350 1110 1392 cella
1135 1345 1360 1403 Bubulco,'

187 1431 255 1475 Sit
281 1432 356 1474 sua
386 1430 550 1475 Pastori
578 1446 588 1473 ε
618 1429 790 1472 stabulis
818 1443 910 1472 non
941 1427 1096 1471 influat
1124 1428 1292 1483 imber,

186 1513 295 1567 Quo
322 1525 533 1568 pecorum
562 1510 713 1553 mollis
737 1509 1033 1566 corrumpitur
1055 1512 1217 1568 ungula
1235 1543 1247 1563 ‚
1267 1523 1419 1556 murus

185 1592 374 1648 Deperit
395 1625 406 1644 ‚
438 1593 482 1635 &
505 1590 644 1634 tristes
675 1592 839 1634 ducunt
862 1590 1067 1634 animalia
1095 1593 1294 1635 morbos.

186 1674 421 1717 Moenibus
447 1685 520 1716 aut
545 1672 707 1716 inclusa
733 1672 878 1725 cavis,
905 1674 979 1715 vel
1003 1674 1193 1728 pendula
1219 1669 1388 1719 sursum

186 1755 347 1799 Nullos
374 1754 560 1798 incutiat
583 1753 752 1796 fumosa
777 1755 952 1797 lucerna
977 1751 1193 1803 timores;
1291 1737 1296 1740 .

186 1836 242 1878 Et
270 1838 426 1893 procul
458 1835 482 1878 ὲ
510 1833 682 1877 stabulis
709 1834 784 1876 sub
814 1833 985 1877 fornice
1013 1833 1182 1878 villica
1206 1848 1344 1892 panes

185 1918 416 1974 Excoquat
443 1932 458 1967 ·,
487 1906 689 1959 accensas
713 1928 768 1957 ne
798 1913 919 1971 tigna
946 1914 1132 1957 calentia
1160 1913 1359 1959 flammas

185 1997 418 2054 Accipiam
435 2030 448 2050 ,
474 1996 664 2054 totisque
691 1995 830 2038 ferant
856 1994 1055 2037 incendia
1080 1996 1225 2040 tectis.

247 2080 476 2139 Agricolas
504 2076 628 2132 iuvat
651 2074 852 2133 inprimis
883 2074 1070 2131 spatiosa
1094 2075 1237 2119 culina
1259 2091 1276 2126 3

185 2160 287 2215 Qu&
320 2159 504 2203 collecta
532 2159 689 2201 domus
719 2158 840 2214 largo
866 2156 1077 2199 brumalia
1100 2157 1224 2215 ligno

184 2238 365 2296 Frigora
394 2238 598 2282 diffolvat
616 2272 628 2291 ,
655 2236 883 2294 laffataque
907 2238 1089 2294 vespere
1118 2249 1242 2281 curet

187 2321 391 2375 Corpora
408 2351 421 2371 ‚
448 2333 529 2362 nec
556 2319 674 2362 seros
695 2331 806 2374 opus
827 2317 1114 2374 interrumpat
1139 2320 1192 2362 ad
1217 2319 1360 2378 ignes0‘

189 2401 319 2454 Quos
347 2399 511 2442 etenim
536 2401 589 2443 de
617 2398 753 2443 no&e
771 2398 913 2456 potest
936 2413 1090 2457 urgere
1113 2401 1283 2445 labores
1299 2433 1314 2455 ,

189 2482 298 2527 Non
323 2479 425 2526 finit
449 2479 634 2526 hiberno
659 2477 858 2542 fieri-sub
885 2478 979 2525 sole
1006 2481 1223 2528 Colonus·
1356 2465 1360 2467 ’
