1500 2886
106 251 226 315 '104
344 239 1086 299 PRAEDIIRvstht
1154 254 1157 255 ⁷

105 341 212 385 Non
229 343 406 392 valeat·,
428 342 626 385 sobolem
646 353 784 385 mater
797 373 812 394 ‚
838 355 1067 398 caramque
1084 337 1269 385 viciffim
1296 330 1299 334 ’

104 421 343 480 Progenies
368 421 481 465 mira
506 422 638 466 novit
661 421 825 478 pietate
850 434 1074 478 patentem
1095 437 1109 466 ε

106 503 220 546 Nam
248 502 372 545 fimul
398 516 446 546 ac
471 501 593 559 pastu
618 504 795 547 reduces
819 504 871 545 ad
897 501 1038 545 ovilia
1063 499 1186 559 cogit

108 583 280 640 Vesper
303 596 414 626 oves
435 615 448 636 ,
476 583 567 626 laeti
591 584 802 639 plaudunt
825 568 1105 626 venientibus
1130 578 1234 639 agni

109 663 358 714 Matribus;
386 664 429 707 &
455 664 591 708 cauda
616 664 700 707 vifi
727 664 879 722 gestire
902 662 1145 716 trementi,

110 743 264 786 Balatu
288 757 441 788 tenero
467 746 570 787 dant
595 744 904 801 accipiuntque
932 745 1115 788 salutem
1134 759 1148 786 t

111 824 206 867 Nec
231 838 356 867 mora
375 857 388 878 ‚
417 816 594 867 la&anti
618 825 857 880 pendentes
881 825 1013 868 ubere
1028 856 1041 877 ‚
1069 826 1250 880 longam

114 905 500 960 Compescuntque
526 904 640 947 fitim
667 905 1009 961 desideriumque
1033 903 1231 948 videndi.

115 984 196 1027 Sus
226 997 371 1027 autem
391 1017 403 1036 ‚
430 984 511 1028 nifi
536 987 760 1041 porcellos
787 984 1127 1043 fignare'colore
1147 1017 1162 1039 ,
1189 1000 1191 1002 ’

115 1066 261 1122 Atque
289 1064 400 1108 alios
426 1064 523 1107 aliis
548 1064 703 1109 formis
729 1064 961 1108 inscribere
984 1077 1133 1121 partus
1153 1097 1169 1119 ,

114 1145 169 1187 Et
199 1143 388 1200 propriae
417 1144 615 1187 sobolem
642 1159 767 1207 cures
796 1145 966 1203 affigere
992 1145 1121 1188 matri
1139 1159 1158 1195 ·,

115 1224 382 1280 Exporrecta
406 1225 503 1268 solo
529 1225 684 1270 catulis
708 1225 826 1269 dabit
850 1227 982 1269 ubera
1006 1225 1128 1287 notis

117 1305 373 1362 Ignotisque
391 1338 404 1359 ‚
431 1307 516 1349 suae
542 1309 666 1350 nullo
694 1305 944 1350 discrimine
970 1307 1132 1363 prolis.

119 1386 227 1428 Non
246 1366 364 1429 illam
383 1386 606 1430 benefaEIa
624 1401 812 1431 movent
830 1403 844 1438 ·‚
873 1387 1046 1444 altaque
1067 1389 1280 1434 Subulcus

120 1466 343 1509 Matutam
360 1468 516 1510 baculo
537 1482 673 1525 quum
693 1469 856 1512 decutit
875 1467 976 1511 ilice
996 1468 1196 1525 glandem
1216 1500 1231 1522 ,

121 1547 204 1590 sus
224 1546 389 1603 ingrata
409 1561 561 1591 manus
583 1543 807 1606 nunquam
825 1547 1037 1605 suspectat
1056 1548 1233 1601 amicas.

124 1627 271 1672 Pastor
291 1610 371 1671 oiri
390 1639 542 1671 contra
561 1629 593 1671 fi
613 1628 683 1671 cui
701 1627 918 1671 blanditur
936 1643 950 1678 ·,
976 1640 1155 1672 euntem

123 1707 228 1752 Fida
245 1721 393 1751 comes
410 1709 843 1767 sequitur,vel(quod
858 1709 976 1752 canis
993 1708 1359 1765 invidet)haerens
1450 1702 1458 1717 ¹
1498 1720 1500 1754 ἐ

126 1787 329 1831 Custodis
357 1802 460 1831 caro
484 1790 639 1841 lateri,
674 1790 906 1846 requiescit
930 1790 977 1832 in
1002 1790 1150 1835 herba.

186 1868 303 1925 Ergo
322 1882 457 1923 pecus
475 1869 650 1911 varium
672 1870 715 1912 &
735 1870 876 1926 dispar
894 1884 950 1913 ne
968 1870 1116 1913 Pastor
1133 1870 1296 1916 eisdem

127 1948 271 2005 Cogat
289 1948 402 2004 agris
416 1980 427 2000 ‚
445 1963 673 2007 porcoque
692 1964 843 2008 greges
863 1950 1108 1994 inhonestet
1127 1953 1328 2003 ovillos·,

125 2029 350 2086 Setigeros
369 2029 550 2073 herbosa
568 2030 665 2072 sues
683 2033 756 2073 vel
778 2030 825 2072 in
843 2044 949 2073 arva
965 2032 1177 2075 Subulcus

127 2111 217 2153 Aut
236 2111 348 2152 altos
368 2121 465 2166 agat
483 2109 531 2150 in
548 2111 672 2152 lucos
693 2125 708 2160 ·,
733 2121 862 2167 atque
881 2110 997 2153 inter
1014 2114 1230 2169 agendum

129 2192 256 2246 Saepe
272 2202 408 2233 vocet
426 2204 587 2243 cornu,
608 2191 886 2248 sparsumque
906 2193 1132 2250 recolligat
1152 2202 1328 2250 agmen.'

128 2270 276 2313 Sicubi
296 2271 365 2312 sus
385 2269 518 2313 avido
538 2270 718 2314 rimatus
739 2271 887 2313 tubera
905 2271 1044 2315 rostro
1067 2304 1080 2325 ‚

36 2370 41 2375 »
128 2349 277 2392 Sulcat
293 2348 477 2391 humum
496 2381 510 2403 ,
535 2350 762 2407 glebasque
781 2351 911 2408 sagax
931 2351 1143 2394 scrutatur
1162 2353 1319 2398 odoras
1340 2368 1356 2404 ς

125 2428 148 2475 1
165 2458 179 2484 ,
202 2442 391 2488 propera
409 2457 424 2481 ,
449 2443 558 2475 cave
579 2444 636 2477 ne
653 2430 762 2476 raris
781 2433 920 2477 malus
941 2432 1122 2490 impleat
1141 2444 1279 2478 atram
