1482 2834
465 261 630 318 L113
656 275 767 317 ER
803 257 1060 325 *XIII-J
1093 253 1130 303 ἰ
1237 250 1368 337 -305

81 370 95 382 ¹
133 358 327 405 Denfior
355 361 400 405 &
424 363 618 420 patribus
646 358 832 407 meliore
856 358 1087 406 fimsslima'
1100 369 1223 417 parte

136 443 257 485 Mox
278 442 366 486 tibi
386 444 619 488 commisto
639 445 787 502 surget
809 445 864 487 de
888 441 1098 501 sanguine
1119 441 1267 497 proles
1279 470 1299 493 ,

138 525 254 579 Quae
281 538 431 583 parcat
454 525 579 570 victu
593 557 607 579 ‚
635 526 680 568 δε
702 526 818 569 fetus
846 537 947 568 cum
972 522 1190 566 menfibus
1214 530 1379 578 aequeu
1455 559 1457 561 .

201 607 320 664 Ergo
335 621 418 665 age
430 639 443 661 ,
461 621 570 665 quas
588 607 635 650 in
650 607 773 663 spem
792 605 942 650 statuis
961 603 1214 647 submittere
1233 601 1377 660 gentis

137 685 264 744 Elige
288 702 303 737 ·,
330 688 376 731 &
399 700 451 731 ut
473 687 632 745 populi
657 686 816 731 selecta
838 685 1018 730 colonia
1041 696 1180 741 ponat

137 767 439 810 Fundamenta
464 767 607 820 novi,
628 766 854 823 captivam
878 753 1216 820 cl'audesparatis

138 846 323 889 AEdibus
340 878 354 899 ,
376 847 420 889 &
439 846 644 903 quamvis
665 845 832 889 tristem
856 859 914 889 ne
935 858 1106 888 carcere
1126 845 1274 888 solvas

137 926 400 982 Imprudens
417 957 430 978 ,
457 927 600 970 donec
626 926 797 984 primos
823 925 960 969 oblita
986 938 1169 983 penates
1186 957 1200 979 ,

137 1006 195 1049 Et
216 1005 528 1060 juffis'habitet
553 1003 681 1053 testis
699 1039 712 1061 ,
740 1008 784 1050 &
807 1006 1034 1050 amoribus
1059 1006 1218 1063 exspes

139 1086 312 1129 Audeat
337 1086 566 1144 indulgere
594 1087 730 1130 novis
757 1102 770 1131 ε
797 1099 894 1130 tum
920 1087 1058 1130 libera
1082 1100 1183 1130 toto

138 1169 263 1211 Rure
287 1169 416 1211 volet
432 1200 447 1221 ‚
472 1167 616 1224 portis
644 1181 737 1211 uno
764 1162 864 1224 'post
888 1168 1039 1210 mense
1068 1166 1263 1213 reclufis.

140 1249 212 1292 Ne
239 1259 390 1291 tamen
415 1262 440 1290 a
467 1247 671 1291 domibus
698 1249 818 1290 coelo
846 1245 1067 1289 invitante
1091 1249 1264 1290 recedat

140 1329 368 1387 Longius,
394 1339 525 1384 atque
547 1326 644 1370 suas
667 1326 745 1370 sub
770 1325 949 1369 noctem
976 1325 1142 1370 nesciat
1164 1328 1280 1370 aedes

144 1408 301 1452 Oblita
325 1421 518 1451 remeare
542 1406 618 1449 via
634 1438 649 1459 ‚
677 1406 876 1449 mittatur
900 1405 950 1449 in
976 1421 1103 1450 auras

142 1490 297 1544 Quum
320 1489 454 1533 fiterit
478 1488 794 1533 subfusca‘dies
811 1520 825 1541 ,
850 1473 1186 1545 vel‚proximus
1209 1489 1386 1546 hesper.⁴

142 1570 363 1614 Excursus
388 1583 494 1614 tunc
519 1570 594 1613 illa
617 1571 777 1613 breves
803 1551 1091 1626 propioribus
1117 1570 1234 1628 agris

145 1650 355 1694 Tentabit
372 1683 386 1701 ,
410 1664 559 1707 neque,
582 1649 630 1692 se
651 1648 848 1707 nigranti
873 1651 1049 1694 credere
1072 1651 1192 1693 coelo

146 1730 262 1773 Ausa
279 1762 293 1783 ,
321 1729 456 1773 novis
481 1729 616 1773 discet
639 1729 853 1786 paulatim
877 1729 1114 1774 assuescere
1136 1731 1285 1794 teffls.

211 1813 338 1866 Quas
362 1825 420 1854 ne
444 1811 561 1855 for‘te
587 1813 747 1856 domos
770 1812 950 1856 mutatis
975 1814 1198 1870 transfuga
1222 1813 1356 1871 fignis

148 1893 387 1954 Desereret
405 1892 599 1950 Cyprius
611 1892 811 1936 volucris
825 1926 839 1947 ,
861 1907 982 1938 nova
999 1894 1130 1939 castra
1145 1896 1351 1952 sequutus
1368 1911 1385 1946 3

152 1973 301 2017 Moris
328 1963 422 2016 erat
445 1985 650 2016 veterum
673 1972 844 2018 foribus
860 1974 1129 2031 'suspendere
1154 1989 1326 2019 murem

153 2056 399 2099 Pennatum
415 2086 431 2107 ,
455 2053 792 2111 caefique·caput
820 2055 1016 2098 deforme
1041 2054 1220 2109 juvenci
1235 2089 1248 2109 ‚

152 2138 250 2180 Nec
268 2148 362 2178 non
377 2134 643 2188 balsameos,
663 2133 927 2192 storacisque
947 2135 1178 2180 incendere
1197 2138 1355 2182 odores
1372 2146 1391 2194 ,⁸

156 2211 390 2261 Ostentare
413 2214 511 2272 lupi
537 2227 668 2272 caput
681 2247 696 2269 ‚
720 2215 1059 2273 immundosque
1082 2218 1251 2275 rapacis

154 2298 357 2341 Ardeolae
382 2295 551 2340 cineres
574 2295 801 2340 medicatis
826 2297 1026 2355 spargere
1051 2297 1198 2344 tectis.

223 2376 424 2421 Consilio
447 2376 610 2422 melior
630 2388 680 2421 tu
700 2375 825 2435 ‘larga
847 2377 1177 2436 cibaria.praebe
1192 2411 1208 2434 ,

158 2457 426 2517 Aniciatque
451 2469 551 2504 tuas
573 2457 766 2506 fatuum
787 2458 1248 2518 praesepercolumbas,

1107 2540 1154 2588 V
