1482 2834
354 224 591 288 1213
617 234 662 289 ε
686 241 731 288 R
812 225 1078 291 12:111„
1140 227 1144 229 ’
1221 229 1370 303 '197-

100 317 275 385 fniuffo
301 329 492 388 patiatur
514 347 643 391 agros
669 330 935 377 revirescere
963 330 1072 374 fetu.
1393 310 1402 317 ⁷

170 412 342 455 Interea
367 424 416 455 tu
440 415 543 457 dum
569 426 696 458 terrae
714 446 728 468 ,
756 412 837 456 tibi
860 424 976 455 terra
1000 404 1188 454 viciffim

108 490 204 534 Dat
222 493 422 550 requiem
436 527 448 547 ,
469 508 563 538 non
574 492 838 553 pigra-domi
856 505 1006 536 tamen
1021 489 1114 535 otia
1128 490 1287 538 duces}

110 573 295 617 Eviaos
326 574 601 618 seniofflucos
625 574 786 617 invade
809 572 952 616 securi
972 589 985 616 ε
1105 570 1109 574 ’

110 654 427 713 Depofitisque
450 655 592 700 comis
619 654 695 698 ubi
719 653 854 698 vinea
878 652 1035 697 terruit
1059 664 1202 710 aegros

111 736 241 779 Nuda
268 737 403 780 Senes
420 769 433 789 ‚
463 736 685 793 fluxaeque
711 736 817 777 tulit
840 747 933 777 non
957 730 1214 776 irritfiritae

111 815 314 867 0mina;
340 830 446 860 tunc
468 817 587 861 ferro
611 816 826 859 sarmenta
851 813 1034 859 fluentia
1058 814 1194 858 caedes
1213 827 1232 863 ·,

111 899 236 941 Dum
260 898 399 955 tepidi
425 895 734 956 fulgent'soles
755 930 768 951 ‚
797 908 991 941 tentetur
1016 893 1170 952 iniqua

37 997 40 1005 ’
110 979 181 1023 Ne
206 978 346 1037 glacie
370 978 606 1036 ‘ventisque
621 1010 636 1031 ‚
661 991 813 1022 recens
839 991 865 1020 a
888 978 1074 1020 vulnere
1099 973 1227 1019 vitis.

176 1059 324 1104 Prima
341 1074 522 1118 quoque
541 1058 740 1105 autumni
759 1058 836 1101 sub
855 1057 1218 1116 ftigoraconsere
1236 1056 1357 1101 fetus

111 1142 340 1185 Arboreos
362 1157 376 1191 ·,
401 1141 478 1184 seu
502 1142 655 1198 glande
680 1140 790 1183 satas
816 1141 999 1183 educere
1027 1139 1158 1182 filvas
1174 1170 1189 1193 ‚

112 1225 204 1266 Seu
228 1225 368 1280 longo
397 1221 539 1265 mavis
566 1223 712 1264 ulmos
739 1221 962 1278 deponere
986 1219 1125 1263 ετειᾶιι
1145 1252 1158 1273 ,

115 1303 205 1347 Vel
223 1303 448 1347 scrobibus
467 1303 670 1345 mandare
686 1315 825 1359 pyros
846 1334 858 1354 ,
884 1301 1112 1358 hiemique
1129 1298 1292 1359 rigenti

117 1386 309 1430 Credere
331 1384 481 1428 felices
506 1382 654 1427 alieno
681 1382 879 1440 germine
903 1397 1082 1440 pomos.

116 1467 245 1511 Tunc
273 1467 316 1509 δε
343 1466 562 1509 olivetum
590 1463 715 1519 juvat
745 1463 971 1508 instituiss‘e
991 1497 1004 1518 ‚
1040 1461 1293 1523 ¹priusquam

79 1596 84 1599 ,
118 1546 286 1591 Saeviat
308 1546 495 1590 hiberno
521 1546 685 1589 Boreas
709 1546 950 1590 bacchatus
968 1546 1020 1589 ab
1044 1546 1195 1591 Arcto.

181 1630 267 1673 Sed
286 1643 429 1685 neque
448 1631 580 1685 plena
595 1639 749 1672 ⁴tamen
768 1627 893 1686 piger
912 1629 964 1671 ad
982 1627 1192 1685 praesepia
1210 1635 1361 1674 tauruss

120 1710 296 1758 Stabit3
325 1708 375 1751 in
396 1709 584 1752 herboso
610 1711 684 1753 vel
711 1709 906 1767 gramine
930 1709 1060 1754 festus
1076 1711 1296 1755 oberrans

122 1789 264 1848 Triste
283 1788 375 1847 iugi
398 1788 587 1833 dediscet
611 1804 757 1840 onus;
783 1791 856 1835 sed
881 1791 929 1834 in
953 1791 1117 1849 oppida
1136 1783 1299 1837 'vinum

124 1869 427 1929 'triticeasque
444 1871 578 1914 vehet
592 1871 759 1929 segetes
772 1903 784 1924 ‚
798 1872 899 1914 dum
917 1872 1063 1916 nubila
1082 1875 1274 1930 pendent
1285 1890 1302 1925 3

125 1952 347 1999 Roboreis
366 1954 551 1997 necdum
574 1954 703 1997 tellus
725 1954 868 1996 madet
896 1953 1020 1997 invia
1039 1954 1257 2010 plaustris.

189 2033 392 2078 Rusticus
411 2033 584 2077 >interea
602 2032 776 2091 pluvias
794 2033 1076 2091 hiememque
1103 2035 1301 2082 nivalem

124 2114 374 2161 'Antevenit
394 2130 406 2158 ε
429 2116 563 2170 plano
589 2126 716 2158 cavat
741 2114 872 2158 altius
898 2128 1074 2171 aequore
1098 2115 1258 2162 fofi‘as:

128 2187 360 2244 Invalidos
385 2195 438 2239 ad
463 2194 649 2252 plaustra
672 2196 813 2238 boves
840 2196 1036 2252 ducenda
1061 2198 1247 2242 macello

130 2278 334 2323 Destinat
357 2310 368 2330 ,
397 2276 441 2319 δι
466 2275 619 2334 pingui
645 2288 766 2320 curat
787 2277 935 2319 laxare
952 2276 1126 2334 ‘sagina-

121 2358 304 2404 'Vendit
329 2371 440 2402 oves
465 2356 588 2401 senio
613 2356 767 2401 fraCtas
785 2390 797 2411 ,
824 2356 1113 2416 gregibusque
1141 2357 1309 2407 futuras

134 2441 340 2488 Praefidio
366 2438 519 2485 salices
544 2440 588 2484 δι
615 2440 812 2499 glaucam
841 2440 994 2485 tondet
1019 2438 1206 2490 olivam.

1010 2522 1053 2564 N
1083 2520 1132 2578 iij
