1482 2834
478 176 524 235 L
545 191 578 234 1
604 192 649 236 B
680 196 719 236 ε
746 189 791 234 1<
845 177 928 236 X.
1206 192 1315 259 255

145 272 272 334 Saepe
289 275 451 322 sonans
467 280 585 338 agris
599 280 690 324 ruit
706 280 808 325 aere
823 276 1046 339 grandinis
1062 275 1202 324 imber
1219 313 1233 334 ,
1296 298 1304 304 ·

83 351 314 403 lactentes
340 360 406 404 nil
425 362 513 406 tale
537 360 702 407 timens
727 375 863 419 quum
886 360 1021 404 vinea
1044 360 1223 405 frondes

83 438 312 494 Explicuit
341 453 354 484 ε
383 441 536 485 mollis
563 441 757 500 repetito
784 441 966 486 caeditut
989 441 1081 486 ἰᾶιι

84 519 328 577 Pampinus
344 553 358 575 ‚
387 523 574 582 &longi
591 522 754 566 melior
770 522 868 580 spes
888 521 1087 566 concidit
1103 520 1226 568 anni.

83 601 227 645 Tarda
244 602 424 661 quidem
443 635 456 652 ‚
478 605 552 649 sed
565 618 659 649 non
675 603 935 663 praesentior
948 602 1256 667 ullamedendi

0 734 1 749 ἶ
85 682 171 727 Ars
200 684 286 729 etit
306 718 320 739 ‚
346 685 507 729 infenfi
534 685 668 744 quam
693 686 726 730 fi
748 685 883 731 Iovis
911 670 1090 739 adjuvet
1114 684 1201 728 iras

83 763 304 820 vinitor,
337 767 383 810 δι
406 768 525 812 ferro
552 767 683 811 tollat
708 780 806 826 quae
834 765 1033 825 germina
1060 765 1197 809 tantis

86 846 309 900 Indejesta
334 847 462 891 malis
490 847 689 892 steterint
712 863 725 891 z
751 847 1010 891 melioribus
1038 860 1136 890 orta

88 919 337 984 Pampinus¹
356 927 567 984 auspiciis
592 913 678 972 tihi
702 941 814 972 mox
839 940 1035 986 emerget
1055 928 1109 971 ab
1131 926 1230 984 ipso

86 1007 289 1060 ,Vulnere
306 1042 319 1063 ‚
347 1023 574 1055 maternos
600 1022 751 1054 tamen
775 1010 892 1054 haud
917 1011 1054 1054 oblita
1076 1011 1276 1054 dolores.

149 1090 279 1134 Tunc
297 1091 434 1134 etiam
454 1104 591 1148 quum
611 1092 711 1135 laeta
727 1092 861 1134 novis
881 1089 969 1145 iam
984 1090 1120 1134 vinea
1139 1091 1274 1135 ramis

90 1170 297 1216 Pubescit
316 1205 329 1225 ,
361 1174 494 1229 plexa
519 1186 661 1216 erucae
687 1173 765 1216 sub
789 1173 945 1216 fronde
969 1174 1157 1218 latentes

90 1251 201 1296 Ova
218 1253 378 1297 fovent
395 1285 408 1306 ‚
429 1253 635 1311 turpique
654 1253 865 1297 incestant
879 1253 1047 1299 semine
1064 1254 1206 1298 vitem
1223 1269 1237 1299 ε

95 1334 380 1392 Semesasque
406 1348 558 1378 comas
581 1335 722 1379 limax
745 1346 956 1378 cornutus
982 1334 1118 1384 inerti

94 1414 293 1460 Obducit
311 1415 464 1472 spuma
484 1431 496 1460 ι
517 1416 739 1475 geminam
757 1417 868 1473 pede
893 1429 1075 1460 contere
1094 1415 1279 1474 pestem.'

154 1496 204 1540 Si
228 1509 390 1541 tenerae
416 1497 504 1542 viti
527 1497 718 1542 formica
742 1497 919 1548 illudit3
945 1512 1088 1541 avarae

96 1563 263 1623 Gentis
280 1592 409 1636 opes,
420 1580 658 1638 pai-casque
674 1581 851 1633 domos,
864 1592 994 1637 atque
1009 1580 1168 1626 horrea
1180 1592 1306 1627 verte
1322 1586 1339 1634 ξ

96 1658 192 1702 Nec
219 1673 345 1703 mora
369 1660 523 1703 secuto
546 1660 720 1704 fodiens
745 1661 943 1718 granaria
968 1675 1127 1719 campo
1144 1695 1160 1718 ,
1250 1699 1254 1703 ,

100 1738 246 1782 Farris
274 1738 558 1784 inexhaustos
583 1739 673 1784 alib
699 1741 934 1786 convectat
955 1756 1162 1790 acervos.

163 1822 306 1876 Capra
332 1820 566 1864 venenatis
592 1821 810 1866 nascentia
836 1823 1048 1868 morfibus
1071 1824 1161 1869 urit

105 1900 323 1947 Germina
339 1933 353 1954 ‚
373 1901 421 1945 ni
442 1904 642 1958 petulans
660 1916 794 1960 pecus
813 1916 955 1947 arceat
971 1905 1151 1950 horrida
1168 1906 1313 1965 sepes.'

104 1983 281 2026 Audent
306 1983 351 2027 &
374 1982 520 2028 timidi
543 1986 722 2042 lepores
747 1985 823 2030 sub
847 1988 945 2030 luce
970 1986 1162 2046 maligna

107 2064 364 2108 Molliculus
389 2064 499 2108 vitis
523 2065 675 2110 furtim
699 2066 927 2123 depascere
950 2067 1146 2112 frondes.

110 2147 402 2202 Sulphuream
421 2149 641 2204 praetende
659 2149 797 2192 facem
815 2180 829 2201 ‚
859 2149 1072 2206 fumoque
1090 2150 1264 2207 sequaci

111 2227 292 2271 Tetram
308 2241 460 2273 averte
478 2232 596 2275 luem
616 2245 630 2281 ς
648 2232 723 2275 vel
739 2230 892 2275 adaelo
911 2231 959 2274 in
976 2231 1144 2275 viscera
1161 2233 1343 2290 plumbo

112 2310 313 2354 Auritam
338 2311 492 2355 Bacchi
511 2311 658 2372 regnis
681 2314 837 2371 procul
861 2311 973 2366 ejice
998 2326 1192 2371 gentem.

174 2391 365 2438 Annofis
388 2392 516 2438 instat
533 2407 712 2454 quoque
728 2394 896 2440 vitibus
922 2408 1037 2456 aegra
1054 2395 1249 2441 seneQus
1264 2412 1281 2441 a
