1482 2834
155 204 273 274 ¹180
396 206 727 272 Pazon
770 210 822 270 R
843 220 1135 272 vsrtct

217 313 318 358 Post
342 316 492 372 epulas
514 348 526 368 ,
550 299 724 373 placido
754 315 990 360 sternentes
1017 325 1204 372 corpora
1226 311 1387 359 somn&

154 393 295 439 Messe
322 394 479 451 super,
503 395 655 454 vigilis
682 410 883 454 reparant
906 395 1128 453 dispendia
1151 393 1324 445 noffisz
1345 423 1349 427 -

155 474 262 519 Non
287 475 498 520 immunis
527 477 647 521 enim
672 477 734 521 est
761 479 857 521 duri
883 491 977 521 nox
1001 475 1093 533 ipsa
1117 474 1312 520 laborist

155 555 396 614 Colligitur
421 557 541 616 seges
556 585 570 610 0
592 556 725 615 inque
751 571 907 616 graves
932 556 1114 614 religata
1138 555 1360 612 maniplos

155 635 408 680 Devehitur
435 650 562 682 curru
579 670 591 690 ‚
618 635 762 682 nostis
788 639 891 689 dum
915 637 1052 695 frigus
1077 636 1225 680 aristas

156 716 391 761 Contrahit
408 749 421 768 ,
444 716 492 759 in
511 728 659 761 tauros
677 730 820 775 neque
839 717 905 760 sol
925 716 1153 773 exasperat
1171 713 1369 760 oestrum&

219 796 398 842 Hordea
409 796 550 854 prima
560 799 711 842 cadant
723 829 736 853 ‚
753 812 849 856 quae
861 798 1010 841 semen
1020 795 1240 841 hiantibus
1251 798 1376 842 ultr·

158 875 384 922 folliculis
402 909 415 931 ,
440 876 573 922 etiam
596 877 724 922 venti
749 878 837 922 fine
859 876 1035 920 flatibus
1058 875 1162 920 ullis

159 956 404 1010 Projiciunt
430 974 442 1013 ς
469 957 614 1002 fluidae
639 957 801 1015 pariter
827 958 1045 1001 caedantur
1067 967 1253 1002 avenae:

159 1038 331 1084 Ordine
354 1050 448 1080 tum
472 1039 596 1081 nullo
622 1037 762 1093 spicas
787 1038 861 1080 vel
885 1036 1059 1094 pectine
1085 1036 1275 1080 summas

159 1119 328 1165 Tollite
344 1151 358 1172 ,
379 1119 453 1162 vel
480 1117 596 1163 ferro
621 1116 779 1161 meffos
805 1106 1063 1174 prosternite
1087 1117 1259 1160 culmos
1275 1142 1293 1170 3

160 1201 307 1257 Atque
333 1198 425 1243 dies
451 1197 577 1255 operi
604 1195 1045 1254 nostesqueinfistite
1064 1212 1078 1246 ;
1098 1195 1262 1240 flavam

160 1269 364 1326 Excutiat
387 1291 504 1322 caeco
531 1290 693 1322 ventus
719 1291 775 1321 ne
803 1277 977 1321 turbine
1004 1276 1183 1321 meffem
1199 1308 1217 1333 ‚

161 1361 361 1405 Alituum
387 1360 460 1402 vel
487 1371 595 1416 grex
617 1356 743 1415 pasfis
771 1356 1020 1402 diverberet
1045 1358 1145 1413 alis.

222 1439 392 1484 Durius
415 1440 503 1483 heu
524 1442 535 1483 !
556 1437 708 1495 patriis
734 1452 872 1496 nuper
898 1437 1006 1495 quid
1029 1437 1221 1497 contigit
1243 1438 1397 1492 arvia}

163 1523 278 1567 Nam
303 1521 468 1579 segetes
485 1546 498 1572 ‚
525 1519 568 1562 δι
594 1518 804 1577 quidquid
827 1531 966 1575 opum
990 1517 1185 1562 nutribat
1207 1520 1364 1576 opimo

163 1603 300 1647 Terra
326 1601 418 1644 sinu
435 1632 447 1653 ‚
472 1599 637 1657 grando
667 1598 872 1642 immanis
899 1598 1134 1654 populavit
1150 1631 1164 1653 ‚
1193 1599 1237 1643 δι
1261 1599 1371 1658 anni

163 1681 327 1728 Totius
353 1681 592 1725 immensos
619 1693 713 1724 nox
741 1679 914 1724 abstulit
941 1693 1027 1723 una
1054 1680 1248 1728 labore&

166 1763 330 1810 Tristes
354 1761 578 1819 relliquias
596 1792 609 1813 ‚
634 1761 851 1805 frumenta
876 1760 1062 1813 iacentia
1086 1761 1216 1806 terrIs
1232 1787 1249 1817 t

148 1844 413 1890 ‘Horrentes
432 1832 582 1898 'plagis
609 1843 760 1894 oleas,
788 1840 1014 1884 horrentia
1038 1840 1190 1898 paffim

169 1922 362 1968 Excuffis
388 1920 553 1966 arbusta
578 1920 718 1964 comis
735 1953 747 1973 ‚
772 1922 952 1965 viduata
977 1922 1160 1966 racemis

169 2006 225 2051 Et
250 2006 415 2048 multos
440 2002 590 2046 vineta
621 2003 784 2044 malum
809 2001 962 2045 fletura
991 2016 1069 2059 per
1097 2016 1239 2048 annos

171 2087 225 2130 Et
253 2085 377 2137 vidi,
405 2084 447 2126 ὃ(
476 2081 600 2125 dolui
626 2081 830 2124 miserans
851 2097 865 2130 ·,
890 2082 1043 2126 solatia
1067 2097 1241 2128 mecum

173 2167 336 2210 Blanda
351 2165 508 2207 fovens
522 2194 534 2214 ‚
551 2160 711 2206 tristem
728 2159 846 2218 quod
858 2193 869 2213 ‚
889 2172 960 2205 me
976 2163 1190 2207 referente
1202 2196 1215 2217 ,
1230 2162 1402 2216 ruinam

174 2245 384 2302 Accipere
399 2276 412 2297 ‚
440 2244 483 2286 δι
511 2253 641 2285 tantae
664 2240 794 2297 poffis
822 2241 1066 2286 succurrere
1091 2243 1200 2286 cladi
1221 2273 1236 2296 ‚

176 2324 416 2372 Lamonide
443 2322 551 2375 iuris
578 2321 718 2364 custos
737 2353 750 2374 ,
777 2333 908 2377 quem
932 2323 1037 2366 fecit
1062 2324 1253 2368 amicum

175 2408 307 2454 Musa
327 2402 442 2461 *mihi
461 2433 475 2456 ,
500 2402 752 2460 miserisque
777 2414 948 2458 patrem
975 2405 1138 2448 Natura
1158 2392 1356 2453 creavi‘u
