1500 2886
529 238 830 299 LIBER
875 231 926 290 1.
1247 239 1315 306 25

91 343 237 392 Musta
259 340 515 386 fenestratos
538 353 644 400 quae>
661 336 936 380 munimenta
962 341 1144 390 penates

92 424 232 467 Linea
257 422 492 466 defendunt
516 435 528 464 t
554 422 697 476 placet
721 418 945 473 indulgere
973 425 1176 458 tuentum

93 503 284 549 Deliciis
304 519 319 553 ς
344 503 542 559 laetaeque
568 499 679 544 foris
701 497 936 541 videantur
960 507 1009 538 ut
1038 496 1149 537 aedes
1167 524 1180 546 ‚

96 585 221 628 Intus
247 585 398 628 acerba
420 579 542 639 pati,
568 591 819 636 magnoque
848 575 1135 618 inconsffioda
1154 572 1330 627 sumptu

100 666 324 721 Quaerere.
349 663 422 707 Sic
444 661 526 705 usu
549 659 663 704 ratio
691 671 868 716 quoque
892 654 1089 700 vincitur
1113 653 1228 696 inter

99 746 386 803 francigenas
406 758 422 793 3
440 742 597 799 quibus
617 740 666 783 in
682 753 856 783 morem
872 738 905 780 fi
922 736 1097 780 venerit
1114 767 1126 787 ‚
1147 745 1301 776 aurum

78 828 430 884 fArgentumque
454 822 547 866 levi
567 812 738 879 placeat
763 833 933 863 mutare
958 830 1132 875 papyro
1152 848 1163 868 ,

102 906 314 962 Vanaque
330 919 413 962 pro
433 904 585 948 solidis
604 903 682 952 fibi
701 902 885 946 nomina
903 901 1073 943 sumere
1093 894 1303 940 nummi&

163 988 246 1030 Fas
262 987 323 1036 ‚fit
349 987 398 1029 in
423 987 530 1029 urbe
555 999 681 1028 novo
705 983 857 1027 moliri
883 980 1051 1026 moenia
1075 979 1162 1022 ritu
1178 1010 1192 1032 ‚
1265 1012 1267 1014 .

106 1066 258 1121 Auster
274 1066 350 1109 ubi
366 1065 512 1109 minus
528 1067 673 1118 audet,
686 1079 814 1123 agros
831 1062 964 1121 quam
979 1060 1128 1104 mustus
1140 1070 1335 1116 apertos.

106 1149 179 1192 Tu
207 1148 297 1190 ruri
324 1161 527 1190 veterum
555 1160 702 1198 mores
734 1145 905 1188 imitare
933 1145 1197 1190 Parentum3

106 1231 162 1274 Et
181 1229 370 1275 modicis
389 1261 403 1283 ,
425 1227 636 1286 quantfsm
655 1226 758 1270 satis
777 1225 838 1270 est
855 1258 867 1278 ‚
886 1224 1067 1269 admitte
1083 1220 1278 1277 fenestris

108 1312 311 1368 Aeraque
330 1310 374 1353 &
392 1310 538 1353 lucem
556 1323 570 1359 3
590 1321 673 1359 nec
691 1320 837 1364 quaere
856 1305 1052 1350 cubicula
1070 1318 1241 1361 ponens
1256 1336 1269 1355 ‚

111 1390 354 1442 Ordinibus
383 1389 530 1447 longis
557 1399 736 1445 pateant
758 1398 809 1431 ut
835 1387 990 1444 pervia
1016 1385 1118 1429 visu

75 1501 90 1530 ἱ
110 1471 281 1515 Omnia
305 1486 321 1521 ;
348 1471 424 1514 sed
451 1470 562 1514 liber
586 1470 638 1512 fit
665 1467 872 1519 membris
897 1467 1045 1512 exitus
1066 1483 1080 1519 ;
1103 1467 1264 1522 hospes

112 1554 178 1597 Ut
201 1551 398 1610 placidos
427 1552 553 1595 ducat
578 1550 752 1594 securus
779 1550 831 1593 ab
856 1548 1030 1605 hospite
1054 1548 1253 1602 somnos.

111 1684 118 1691 ς
173 1633 315 1695 Stabit
333 1631 411 1675 ubi
429 1629 622 1688 perfecta
640 1631 797 1674 domus
813 1645 827 1680 ·,
845 1644 900 1672 ne
920 1628 1083 1672 fruaus
1103 1631 1309 1686 agrotum

117 1714 343 1770 Depereat
359 1745 373 1766 ,
397 1714 474 1756 vel
499 1726 650 1756 amans
675 1712 816 1756 cultfis
847 1712 1056 1755 Matrona
1081 1709 1229 1754 decori

116 1794 280 1838 Invitis
307 1784 451 1838 oculis
480 1793 645 1850 speflet
670 1805 763 1837 non
789 1792 942 1836 rustica
969 1803 1140 1835 tantum

119 1877 254 1929 Arma
278 1874 482 1931 ferosque
509 1888 637 1918 canes
653 1906 668 1928 ‚
696 1875 740 1918 δι
766 1875 1025 1919 ferramenta
1045 1905 1058 1926 ‚
1082 1874 1154 1916 sed
1178 1871 1292 1929 ipsas

121 1956 254 2007 Ruris
281 1969 390 2012 opes
420 1970 431 1997 :
459 1953 566 1998 alias
596 1954 834 1998 condendis
860 1954 1052 2012 frugibus
1079 1954 1194 1996 aedes

124 2035 195 2079 Sic
211 2034 372 2078 statues
383 2066 398 2088 ‚
413 2046 463 2079 ut
480 2049 575 2092 quae
590 2037 693 2080 loca
711 2035 809 2078 sunt
824 2035 964 2093 magis
975 2034 1153 2078 humida
1165 2067 1177 2086 ‚
1196 2031 1356 2077 vinum

117 2102 357 2171 'Accipiam
387 2116 575 2164 301eum
606 2114 753 2158 medio
783 2129 879 2172 quae3
905 2115 996 2158 sole
1027 2115 1251 2171 tepebunt.

125 2197 330 2240 Maturus
358 2194 471 2240 vero
496 2197 632 2240 foetus
655 2194 868 2253 pomique
896 2195 1088 2253 pyrique
1103 2227 1118 2248 ‚

127 2279 258 2339 Quos
284 2276 423 2320 hiemi
451 2279 620 2334 paleata
650 2277 777 2334 super
805 2277 994 2319 tabulata
1019 2289 1207 2332 repones
1225 2308 1239 2329 ,

131 2358 272 2421 Siecis
294 2359 445 2401 claude
463 2358 595 2403 locis.
616 2358 762 2415 Rugas
781 2356 1003 2414 Aquilone
1018 2388 1031 2410 ‚
1053 2358 1128 2399 vel
1144 2355 1303 2399 Austro

130 2438 376 2497 Monitiem
398 2452 454 2483 ne
477 2451 614 2497 poma
639 2438 812 2483 trahant
827 2468 841 2493 ‚
867 2435 1052 2483 diffolve
1077 2435 1247 2495 tepenti
