1482 2834
449 253 753 315 'LIBER
797 251 997 310 XIV.
1066 265 1081 327 j
1200 251 1317 328 341⁴

85 354 169 401 me
183 367 330 401 manet
340 357 466 402 labor
476 391 489 409 ,
506 370 556 400 ut
571 356 784 411 iuvenum
802 369 933 413 quam
946 348 1144 411 quisquis
1162 351 1215 395 ad
1228 349 1368 398 arteni

88 437 254 493 Aptior
274 437 334 480 est
349 469 362 490 ‚
388 437 543 495 primis
566 438 680 480 hanc
704 437 936 487 edoceatur
960 434 1012 477 ab
1037 431 1180 476 annis.

87 517 231 573 AEqua
250 531 375 574 pares
393 517 508 561 inter
524 518 623 561 sunt
638 515 788 560 omnia
803 531 818 567 3
834 517 1041 572 nullaque
1057 512 1221 570 primas

90 596 280 641 Obtinet
295 630 309 652 ‚
334 611 409 642 aut
430 598 561 642 aliam
588 609 741 656 gravat
763 611 832 640 ars
859 594 1074 653 infignior
1096 605 1234 636 artem
1249 604 1265 635 κ

89 678 267 736 Cuique
291 679 447 723 decora
470 679 546 722 sua
571 677 660 731 est,
684 677 717 720 fi
741 675 859 720 reae
881 675 1080 720 faciitet:
1108 671 1226 730 agris

87 758 267 805 Rustica
289 759 514 804 vertendis
530 791 544 811 ‚
569 758 686 802 bello
710 757 786 800 vel
809 756 978 811 sumpta
1004 753 1198 818 gei-endo

90 840 227 884 Arma
248 854 398 897 parem
421 838 589 883 faciunt
605 871 618 891 ‚
642 837 675 880 fi
698 850 777 894 par
800 834 1035 888 industria,
1062 819 1257 878 laudemi

152 920 432 976 Quamquam
446 919 613 962 habitet
629 930 717 973 pax
731 917 817 960 alta
831 914 943 959 locis
955 947 970 968 ‚
987 927 1068 957 nec
1081 915 1194 957 bella
1208 909 1384 957 lacessat

91 1000 219 1045 Gens
242 999 359 1057 aequi
382 997 567 1055 iustique
590 1009 725 1040 tenax
742 1010 758 1046 ;
778 1005 946 1039 tentare
971 1007 1054 1038 nec
1076 992 1217 1036 aufint

91 1079 292 1124 Finitimi
317 1077 478 1136 Populi
502 1090 638 1121 terras
653 1109 667 1130 ,
699 1090 805 1134 quas
827 1076 942 1120 fama
966 1086 1113 1119 tuetur

91 1160 286 1205 Roboris
310 1160 468 1203 invicti
490 1175 505 1209 3
526 1171 674 1202 tamen
697 1171 815 1201 arma
834 1156 1070 1214 Ducesque
1094 1165 1270 1213 paratos

93 1243 279 1298 Semper
291 1242 452 1285 habent
466 1273 480 1293 ‚
492 1238 734 1296 Martisque
749 1250 893 1281 truces
907 1237 1152 1280 formantur
1167 1235 1216 1279 in
1231 1235 1361 1289 ususi

94 1324 203 1367 Non
229 1321 333 1366 belli
355 1321 497 1364 studio
512 1352 526 1374 ‚
551 1321 696 1376 longae
722 1318 796 1362 sed
818 1316 941 1374 pacis
966 1329 1134 1362 amore.

159 1405 268 1447 Haec
286 1415 472 1460 operum
490 1399 664 1458 'requies
681 1431 696 1453 ‚
714 1398 856 1442 Sacris
874 1390 963 1453 iam
981 1397 1066 1443 rit'e
1086 1394 1305 1455 peradsstis,⁴

51 1518 56 1522 -
95 1486 418 1544 ‘tympanaque
444 1483 488 1526 &
512 1481 648 1525 lituos
671 1479 788 1524 festis
812 1478 960 1524 audire
983 1478 1132 1523 diebus
1149 1510 1163 1532 ‚

98 1568 154 1610 Et
179 1566 376 1623 peditum
402 1575 569 1607 turmas
595 1560 884 1618 equitumque
901 1558 1054 1603 videre
1072 1559 1148 1603 sub
1170 1557 1304 1603 armis

97 1648 310 1692 Innocuae
338 1645 454 1688 inter
478 1643 522 1687 se
547 1656 705 1701 pugnat
728 1639 981 1685 fimulachra
1005 1639 1187 1685 cientes.

99 1728 174 1772 Sic
197 1727 383 1782 juvenes
405 1708 554 1768 ensem
577 1721 741 1780 pariter
765 1722 1007 1779 durumque
1030 1719 1232 1779 ligonem

100 1807 269 1852 Affueti
291 1804 473 1849 tractare
497 1817 634 1848 manu
649 1835 664 1857 ‚
690 1816 773 1846 nec
796 1815 985 1859 corpora
1011 1800 1158 1845 castris
1249 1819 1253 1822 ·

101 1890 240 1933 Fluxa
259 1888 403 1932 ferunt
417 1919 431 1940 ‚
450 1900 534 1930 nec
552 1898 663 1930 caeca
681 1885 808 1929 rudes
825 1883 874 1927 in
890 1882 1039 1942 praelia
1056 1883 1250 1927 dextrasa

165 1968 357 2013 Felicem
381 1966 552 2011 ditione
576 1978 730 2015 tenens
755 1964 968 2023 Hispania
993 1975 1171 2022 gentem

104 2052 175 2095 Ad
199 2049 388 2094 subitum
408 2047 540 2092 novit
553 2048 715 2092 bellum
730 2045 862 2105 quam
879 2056 1084 2103 prompta
1103 2042 1338 2098 iuventus:

105 2134 260 2189 Nuper
284 2131 405 2175 enim
430 2143 590 2188 magno
617 2143 763 2173 rerum
787 2126 1037 2173 discrimine
1062 2124 1158 2180 iusfi

105 2213 244 2271 Regis
270 2211 318 2254 in
340 2210 556 2255 auxilium
579 2209 719 2253 socias
743 2207 974 2266 adiungere
996 2205 1116 2251 vires
1133 2237 1148 2259 ,

106 2293 271 2339 Nobile
296 2289 511 2336 continuo
538 2288 751 2345 iuvenum
777 2287 871 2333 coit
894 2300 1053 2345 agmen
1076 2286 1131 2330 ad
1158 2297 1309 2338 arma·,

110 2374 167 2418 Et
194 2372 304 2416 totis
333 2370 451 2416 acies
479 2369 620 2417 veluti
650 2367 855 2413 Cadmeia
879 2366 1008 2413 terris

110 2452 276 2497 Extitit
299 2467 312 2496 z
339 2450 535 2510 egregias
557 2449 738 2494 miratur
760 2448 901 2493 Iberia
923 2460 1119 2503 turmasJ

115 2532 438 2595 Obstupuitque
451 2531 589 2593 magis
601 2563 616 2588 ,
630 2530 824 2579 medium
838 2542 973 2590 quum
986 2528 1102 2573 vidit
1115 2528 1163 2573 in
1174 2526 1344 2577 hostem

981 2610 1024 2657 Y
1056 2607 1110 2672 iij
