1500 2886
644 236 930 311 LIBER
995 234 1043 292 Ι.
1278 247 1281 250 ·
1391 242 1456 287 11

229 357 443 403 Hinnitus
462 388 476 411 ‚
505 360 773 416 longamque
790 355 914 399 videt
933 354 1098 411 fulgere
1118 346 1300 394 micanti

232 441 337 484 AEre
355 441 476 484 viam
494 457 507 484 :
525 441 742 498 predator
759 438 878 482 enim
897 451 976 494 per
993 434 1122 479 devia
1138 433 1274 476 Miles

234 522 484 579 obliquans
502 521 619 574 iter,
645 519 835 564 occultis
852 520 927 562 vel
945 515 1163 562 fraudibus
1182 511 1331 557 aufert'

235 602 385 646 Obvia
403 615 587 659 quaeque
605 614 740 657 rapax
761 632 775 652 ,
798 611 872 642 aut
890 599 939 642 vi
958 582 1164 656 grassatur
1183 593 1348 652 aperta.

235 683 425 733 villicus
442 695 546 724 arva
560 682 714 724 colens
731 713 744 732 ,
771 681 824 723 ab
844 692 989 722 aratro
1008 677 1183 720 avulsus
1203 708 1215 727 ‚
1242 671 1410 717 acerbis

237 762 421 821 Cogitur
439 760 639 817 imperiis
657 759 769 804 laffae
789 774 939 804 comes
958 759 1022 802 ire
1045 757 1264 806 Cohorti·,

235 831 555 899 Auxiliumque
573 841 661 885 viae
681 874 696 894 ‚
723 824 853 885 curru
871 839 1129 897 subjungere
1148 849 1320 881 tauros.

234 922 450 966 Amiss‘um
470 923 580 966 flent
599 923 758 980 sponsa
775 922 924 966 virum
942 920 1119 977 natique
1139 930 1363 975 parentem
1385 948 1398 968 ‚

235 1004 385 1058 Quem
403 1006 583 1047 credunt
601 1003 648 1046 in
665 1005 776 1049 bella
793 1004 915 1060 rapi,
937 1016 1068 1060 quem
1087 1003 1171 1044 tela
1191 1012 1415 1058 gerentem

237 1083 324 1126 Pro
341 1083 516 1127 stimulo
533 1116 546 1136 ,
573 1083 746 1142 fingunt
766 1083 925 1128 animis
943 1082 1260 1139 trepidantibus
1281 1081 1345 1123 ire
1363 1112 1377 1132 ,

239 1164 623 1215 Rura—revisurum
641 1178 867 1222 nunquam
887 1158 1121 1219 dulcesque
1142 1173 1341 1218 penates.

302 1244 368 1286 Te
390 1258 567 1301 quoque
587 1243 732 1289 vicini
750 1243 875 1298 juvat
895 1245 1125 1299 explorare
1151 1242 1314 1285 Coloni

244 1327 298 1368 Et
307 1324 443 1381 studia
456 1326 499 1368 δι
511 1339 658 1369 mores
673 1340 684 1369 ε
698 1339 843 1382 neque
863 1316 983 1368 enirn
994 1324 1054 1366 est
1065 1323 1272 1380 sapientis
1285 1309 1483 1380 iniquam

245 1406 414 1462 Sponte
434 1419 586 1463 parare
608 1406 685 1450 fibi
706 1407 870 1450 sortem
886 1439 898 1458 ‚
928 1405 1113 1462 litesque
1134 1419 1349 1462 perennes
1400 1394 1403 1397 ¹

246 1485 414 1530 Vicino
435 1501 536 1539 curn
560 1487 655 1532 sure
675 1487 763 1531 suis
784 1488 1076 1531 transmittere
1099 1487 1230 1530 natis.

247 1563 362 1611 Nam
381 1567 505 1611 rivos
523 1566 661 1612 modi)
681 1568 912 1612 subdqus
932 1568 1174 1613 fitientibus
1191 1568 1334 1611 herbis
1351 1601 1364 1621 ‚

248 1651 419 1708 Aggere
439 1663 555 1693 nunc
577 1649 730 1693 contra
752 1649 868 1694 fafito
889 1651 1082 1693 demersa
1105 1641 1278 1694 videbis

251 1729 474 1783 fluetibus
491 1744 595 1773 arva
608 1763 620 1783 ,
645 1744 770 1775 novo
791 1743 906 1774 nunc
924 1731 1077 1786 pervia
1096 1729 1270 1774 tramite
1284 1763 1296 1784 ‚
1318 1729 1460 1774 frustu

252 1810 342 1853 Vel
366 1810 552 1868 spoliata
576 1811 655 1862 suo
674 1843 687 1865 ‚
714 1813 789 1855 vel
812 1810 1100 1855 decrescentia
1125 1812 1233 1854 rofis

255 1889 435 1934 Finibus
453 1924 466 1944 ,
489 1893 533 1935 &
552 1893 661 1937 saxo
682 1874 803 1951 quod
821 1893 982 1937 dividit
1001 1908 1105 1936 arva
1124 1893 1316 1936 revulso.

254 1972 383 2015 Nunc
402 1971 581 2030 impune
602 1985 749 2017 terunt
767 1974 899 2017 alieni
921 1987 1044 2030 prata
1064 1973 1273 2027 juvenci3

254 2053 310 2096 Et
327 2065 429 2097 tuus
450 2053 630 2098 incertae
651 2055 684 2097 fi
706 2054 813 2112 quid
836 2069 942 2111 grex
965 2054 1110 2112 attigit
1131 2056 1276 2098 herbae
1298 2070 1314 2103 ·,

259 2133 478 2192 Ambiguo
501 2135 532 2178 fi
557 2137 679 2180 tollis
702 2125 806 2194 agri·
817 2138 869 2180 de
892 2136 1089 2192 margine
1112 2132 1319 2192 quercu‘m
1340 2152 1355 2186 ·,

259 2215 334 2259 Lis
356 2215 495 2259 oritur
514 2249 527 2269 ‚
549 2217 623 2260 sua
641 2231 770 2275 quam
789 2218 813 2262 J
818 2219 932 2261 udex
953 2217 1001 2259 in
1021 2219 1256 2262 commoda
1274 2218 1392 2261 ducit
1408 2222 1427 2270 ,”

262 2296 406 2353 Atque
425 2282 526 2340 tuos
547 2298 677 2342 habet
696 2309 796 2341 ante
817 2312 971 2355 greges
990 2331 1003 2350 ‚
1037 2296 1167 2354 quam
1187 2299 1344 2353 pascua
1363 2297 1491 2347 dista

264 2375 367 2420 Jure
391 2377 471 2420 tibi
497 2379 677 2422 cedant:
707 2377 972 2435 inimicaque
998 2378 1199 2422 messibus
1226 2379 1318 2423 ilex
1342 2431 1345 2434 .

267 2452 437 2505 Utilius
458 2456 613 2509 stater,
639 2469 763 2503 tanto
786 2458 977 2504 victoria
1003 2458 1191 2505 constat!
