<?xml version="1.0" encoding="UTF-8"?>
<!DOCTYPE html PUBLIC "-//W3C//DTD XHTML 1.0 Transitional//EN"
    "http://www.w3.org/TR/xhtml1/DTD/xhtml1-transitional.dtd">
<html xmlns="http://www.w3.org/1999/xhtml" xml:lang="en" lang="en">
 <head>
  <title>
</title>
<meta http-equiv="Content-Type" content="text/html;charset=utf-8" />
  <meta name='ocr-system' content='tesseract 3.04.00' />
  <meta name='ocr-capabilities' content='ocr_page ocr_carea ocr_par ocr_line ocrx_word'/>
</head>
<body>
  <div class='ocr_page' id='page_1' title='image "./praediumrusticum00vaniuoft_0056.png"; bbox 0 0 1500 2886; ppageno 0'>
   <div class='ocr_carea' id='block_1_1' title="bbox 110 267 1355 762">
    <p class='ocr_par' dir='ltr' id='par_1_1' title="bbox 115 267 1100 353">
     <span class='ocr_line' id='line_1_1' title="bbox 115 267 1100 353; baseline -0.002 -20"><span class='ocrx_word' id='word_1_1' title='bbox 115 267 217 353; x_wconf 62' lang='lat'>3‘2‘</span> <span class='ocrx_word' id='word_1_2' title='bbox 357 274 690 333; x_wconf 69' lang='lat' dir='ltr'><em>PRAEDH</em></span> <span class='ocrx_word' id='word_1_3' title='bbox 734 271 894 333; x_wconf 77' lang='lat' dir='ltr'>R&#39;Us</span> <span class='ocrx_word' id='word_1_4' title='bbox 916 283 1100 332; x_wconf 79' lang='lat' dir='ltr'>tht</span> 
     </span>
    </p>

    <p class='ocr_par' dir='ltr' id='par_1_2' title="bbox 110 372 1355 762">
     <span class='ocr_line' id='line_1_2' title="bbox 176 372 1252 434; baseline -0.003 -13"><span class='ocrx_word' id='word_1_5' title='bbox 176 374 223 421; x_wconf 88' lang='grc' dir='ltr'>Ο</span> <span class='ocrx_word' id='word_1_6' title='bbox 246 378 256 419; x_wconf 92' lang='lat'>!</span> <span class='ocrx_word' id='word_1_7' title='bbox 279 374 352 418; x_wconf 91' lang='lat' dir='ltr'>ubi</span> <span class='ocrx_word' id='word_1_8' title='bbox 373 389 571 418; x_wconf 87' lang='lat' dir='ltr'>curarum</span> <span class='ocrx_word' id='word_1_9' title='bbox 591 377 764 433; x_wconf 87' lang='lat' dir='ltr'>requies</span> <span class='ocrx_word' id='word_1_10' title='bbox 783 409 794 430; x_wconf 88' lang='lat'>‚</span> <span class='ocrx_word' id='word_1_11' title='bbox 816 372 1030 434; x_wconf 82' lang='lat' dir='ltr'>studiique</span> <span class='ocrx_word' id='word_1_12' title='bbox 1048 372 1252 419; x_wconf 76' lang='lat' dir='ltr'>levamen</span> 
     </span>
     <span class='ocr_line' id='line_1_3' title="bbox 111 453 1343 513; baseline 0 -16"><span class='ocrx_word' id='word_1_13' title='bbox 111 455 386 509; x_wconf 66' lang='lat' dir='ltr'>frondosum</span> <span class='ocrx_word' id='word_1_14' title='bbox 405 470 560 500; x_wconf 88' lang='lat' dir='ltr'>nemus</span> <span class='ocrx_word' id='word_1_15' title='bbox 578 490 590 510; x_wconf 94' lang='lat'>,</span> <span class='ocrx_word' id='word_1_16' title='bbox 619 458 662 500; x_wconf 73' lang='grc' dir='ltr'>ἂ</span> <span class='ocrx_word' id='word_1_17' title='bbox 680 470 854 501; x_wconf 84' lang='lat' dir='ltr'>veteres</span> <span class='ocrx_word' id='word_1_18' title='bbox 873 466 980 513; x_wconf 82' lang='lat' dir='ltr'>quas</span> <span class='ocrx_word' id='word_1_19' title='bbox 1006 454 1150 500; x_wconf 89' lang='lat' dir='ltr'>nostra</span> <span class='ocrx_word' id='word_1_20' title='bbox 1166 453 1343 499; x_wconf 79' lang='lat' dir='ltr'>Tolosae</span> 
     </span>
     <span class='ocr_line' id='line_1_4' title="bbox 110 535 1206 596; baseline 0.004 -19"><span class='ocrx_word' id='word_1_21' title='bbox 110 535 338 579; x_wconf 85' lang='lat' dir='ltr'>Nutrierat</span> <span class='ocrx_word' id='word_1_22' title='bbox 365 537 443 581; x_wconf 83' lang='lat' dir='ltr'>fibi</span> <span class='ocrx_word' id='word_1_23' title='bbox 467 537 697 596; x_wconf 86' lang='lat' dir='ltr'>contiguas</span> <span class='ocrx_word' id='word_1_24' title='bbox 724 538 963 595; x_wconf 84' lang='lat' dir='ltr'>Campania</span> <span class='ocrx_word' id='word_1_25' title='bbox 989 539 1206 595; x_wconf 78' lang='lat' dir='ltr'>quercus!</span> 
     </span>
     <span class='ocr_line' id='line_1_5' title="bbox 111 617 1355 677; baseline -0.001 -18"><span class='ocrx_word' id='word_1_26' title='bbox 111 617 287 660; x_wconf 69' lang='lat' dir='ltr'>flemus</span> <span class='ocrx_word' id='word_1_27' title='bbox 318 618 455 662; x_wconf 87' lang='lat' dir='ltr'>adhuc</span> <span class='ocrx_word' id='word_1_28' title='bbox 473 651 486 671; x_wconf 90' lang='lat'>‚</span> <span class='ocrx_word' id='word_1_29' title='bbox 515 630 646 675; x_wconf 85' lang='lat' dir='ltr'>atque</span> <span class='ocrx_word' id='word_1_30' title='bbox 673 618 920 677; x_wconf 83' lang='lat' dir='ltr'>hospitibus</span> <span class='ocrx_word' id='word_1_31' title='bbox 946 617 1093 661; x_wconf 87' lang='lat' dir='ltr'>felicia</span> <span class='ocrx_word' id='word_1_32' title='bbox 1123 617 1355 675; x_wconf 74' lang='lat' dir='ltr'>quondam⁴</span> 
     </span>
     <span class='ocr_line' id='line_1_6' title="bbox 111 696 1241 762; baseline 0.001 -23"><span class='ocrx_word' id='word_1_33' title='bbox 111 696 410 742; x_wconf 86' lang='lat' dir='ltr'>Monstramus</span> <span class='ocrx_word' id='word_1_34' title='bbox 429 701 528 743; x_wconf 87' lang='lat' dir='ltr'>loca</span> <span class='ocrx_word' id='word_1_35' title='bbox 549 733 563 754; x_wconf 89' lang='lat'>,</span> <span class='ocrx_word' id='word_1_36' title='bbox 587 714 683 762; x_wconf 85' lang='lat' dir='ltr'>quae</span> <span class='ocrx_word' id='word_1_37' title='bbox 702 700 823 745; x_wconf 81' lang='lat' dir='ltr'>villae</span> <span class='ocrx_word' id='word_1_38' title='bbox 843 698 1122 744; x_wconf 86' lang='lat' dir='ltr'>contermina</span> <span class='ocrx_word' id='word_1_39' title='bbox 1138 699 1241 741; x_wconf 78' lang='lat' dir='ltr'>luco</span> 
     </span>
    </p>
   </div>
   <div class='ocr_carea' id='block_1_2' title="bbox 111 767 1377 838">
    <p class='ocr_par' dir='ltr' id='par_1_3' title="bbox 111 767 1377 838">
     <span class='ocr_line' id='line_1_7' title="bbox 111 767 1377 838; baseline 0.002 -19"><span class='ocrx_word' id='word_1_40' title='bbox 111 777 373 821; x_wconf 86' lang='lat' dir='ltr'>Floruerant</span> <span class='ocrx_word' id='word_1_41' title='bbox 390 811 401 831; x_wconf 86' lang='lat'>,</span> <span class='ocrx_word' id='word_1_42' title='bbox 423 780 647 837; x_wconf 76' lang='lat' dir='ltr'>densisque</span> <span class='ocrx_word' id='word_1_43' title='bbox 667 780 810 838; x_wconf 86' lang='lat' dir='ltr'>rigent</span> <span class='ocrx_word' id='word_1_44' title='bbox 831 794 947 824; x_wconf 85' lang='lat' dir='ltr'>nunc</span> <span class='ocrx_word' id='word_1_45' title='bbox 966 779 1102 822; x_wconf 85' lang='lat' dir='ltr'>obfita</span> <span class='ocrx_word' id='word_1_46' title='bbox 1122 778 1287 823; x_wconf 82' lang='lat' dir='ltr'>dumis.</span> <span class='ocrx_word' id='word_1_47' title='bbox 1358 767 1377 821; x_wconf 66' lang='lat'>,⁷-</span> 
     </span>
    </p>
   </div>
   <div class='ocr_carea' id='block_1_3' title="bbox 59 857 1322 2527">
    <p class='ocr_par' dir='ltr' id='par_1_4' title="bbox 59 857 1322 1962">
     <span class='ocr_line' id='line_1_8' title="bbox 173 857 1244 919; baseline 0.003 -19"><span class='ocrx_word' id='word_1_48' title='bbox 173 857 308 901; x_wconf 86' lang='lat' dir='ltr'>Ruris</span> <span class='ocrx_word' id='word_1_49' title='bbox 326 870 567 904; x_wconf 85' lang='lat' dir='ltr'>amatorem</span> <span class='ocrx_word' id='word_1_50' title='bbox 585 894 598 913; x_wconf 93' lang='lat'>‚</span> <span class='ocrx_word' id='word_1_51' title='bbox 624 861 701 919; x_wconf 88' lang='lat' dir='ltr'>qui</span> <span class='ocrx_word' id='word_1_52' title='bbox 720 862 914 919; x_wconf 86' lang='lat' dir='ltr'>perleget</span> <span class='ocrx_word' id='word_1_53' title='bbox 933 860 1009 904; x_wconf 82' lang='lat' dir='ltr'>ista</span> <span class='ocrx_word' id='word_1_54' title='bbox 1025 892 1039 913; x_wconf 82' lang='lat'><strong><em>‚</em></strong></span> <span class='ocrx_word' id='word_1_55' title='bbox 1060 859 1244 904; x_wconf 71' lang='lat' dir='ltr'>Poetam</span> 
     </span>
     <span class='ocr_line' id='line_1_9' title="bbox 111 937 1167 999; baseline 0.004 -19"><span class='ocrx_word' id='word_1_56' title='bbox 111 937 216 980; x_wconf 79' lang='lat' dir='ltr'>Heu</span> <span class='ocrx_word' id='word_1_57' title='bbox 238 941 247 981; x_wconf 91' lang='lat'>!</span> <span class='ocrx_word' id='word_1_58' title='bbox 272 937 459 982; x_wconf 75' lang='lat' dir='ltr'>nimium</span> <span class='ocrx_word' id='word_1_59' title='bbox 483 939 595 994; x_wconf 85' lang='lat' dir='ltr'>justo</span> <span class='ocrx_word' id='word_1_60' title='bbox 615 941 722 984; x_wconf 85' lang='lat' dir='ltr'>finat</span> <span class='ocrx_word' id='word_1_61' title='bbox 742 941 972 999; x_wconf 67' lang='lat' dir='ltr'>indulgere</span> <span class='ocrx_word' id='word_1_62' title='bbox 987 941 1135 984; x_wconf 81' lang='lat' dir='ltr'>dolori</span> <span class='ocrx_word' id='word_1_63' title='bbox 1153 956 1167 989; x_wconf 89' lang='lat'>;</span> 
     </span>
     <span class='ocr_line' id='line_1_10' title="bbox 59 1004 1259 1079; baseline 0.005 -20"><span class='ocrx_word' id='word_1_64' title='bbox 59 1017 85 1024; x_wconf 83' lang='grc'><strong>”</strong></span> <span class='ocrx_word' id='word_1_65' title='bbox 112 1004 170 1060; x_wconf 79' lang='lat' dir='ltr'>Et</span> <span class='ocrx_word' id='word_1_66' title='bbox 199 1017 350 1062; x_wconf 84' lang='lat' dir='ltr'>saltem</span> <span class='ocrx_word' id='word_1_67' title='bbox 376 1019 620 1063; x_wconf 77' lang='lat' dir='ltr'>meminisse</span> <span class='ocrx_word' id='word_1_68' title='bbox 637 1054 650 1074; x_wconf 86' lang='lat'>,</span> <span class='ocrx_word' id='word_1_69' title='bbox 678 1020 764 1064; x_wconf 86' lang='lat' dir='ltr'>frui</span> <span class='ocrx_word' id='word_1_70' title='bbox 790 1035 874 1064; x_wconf 91' lang='lat' dir='ltr'>nos</span> <span class='ocrx_word' id='word_1_71' title='bbox 900 1019 1054 1064; x_wconf 84' lang='lat' dir='ltr'>invida</span> <span class='ocrx_word' id='word_1_72' title='bbox 1081 1023 1259 1079; x_wconf 85' lang='lat' dir='ltr'>quando</span> 
     </span>
     <span class='ocr_line' id='line_1_11' title="bbox 113 1099 1288 1157; baseline 0.004 -17"><span class='ocrx_word' id='word_1_73' title='bbox 113 1099 219 1140; x_wconf 85' lang='lat' dir='ltr'>Fata</span> <span class='ocrx_word' id='word_1_74' title='bbox 235 1110 391 1141; x_wconf 87' lang='lat' dir='ltr'>vetant</span> <span class='ocrx_word' id='word_1_75' title='bbox 411 1115 422 1142; x_wconf 73' lang='grc' dir='ltr'><strong><em>ε</em></strong></span> <span class='ocrx_word' id='word_1_76' title='bbox 443 1099 554 1142; x_wconf 89' lang='lat' dir='ltr'>mihi</span> <span class='ocrx_word' id='word_1_77' title='bbox 573 1113 675 1142; x_wconf 86' lang='lat' dir='ltr'>nam</span> <span class='ocrx_word' id='word_1_78' title='bbox 695 1100 853 1143; x_wconf 88' lang='lat' dir='ltr'>videor</span> <span class='ocrx_word' id='word_1_79' title='bbox 873 1100 1067 1157; x_wconf 60' lang='lat' dir='ltr'>spediare</span> <span class='ocrx_word' id='word_1_80' title='bbox 1085 1133 1099 1153; x_wconf 82' lang='lat'>,</span> <span class='ocrx_word' id='word_1_81' title='bbox 1122 1102 1288 1146; x_wconf 84' lang='lat' dir='ltr'>renatis</span> 
     </span>
     <span class='ocr_line' id='line_1_12' title="bbox 113 1179 1302 1241; baseline 0.005 -20"><span class='ocrx_word' id='word_1_82' title='bbox 113 1179 354 1223; x_wconf 85' lang='lat' dir='ltr'>Arboribus</span> <span class='ocrx_word' id='word_1_83' title='bbox 367 1213 379 1232; x_wconf 87' lang='lat'>‚</span> <span class='ocrx_word' id='word_1_84' title='bbox 400 1180 546 1224; x_wconf 89' lang='lat' dir='ltr'>socios</span> <span class='ocrx_word' id='word_1_85' title='bbox 566 1195 799 1225; x_wconf 88' lang='lat' dir='ltr'>nemorum</span> <span class='ocrx_word' id='word_1_86' title='bbox 816 1195 894 1238; x_wconf 88' lang='lat' dir='ltr'>per</span> <span class='ocrx_word' id='word_1_87' title='bbox 914 1195 1054 1238; x_wconf 87' lang='lat' dir='ltr'>opaca</span> <span class='ocrx_word' id='word_1_88' title='bbox 1071 1195 1302 1241; x_wconf 83' lang='lat' dir='ltr'>vagantes.</span> 
     </span>
     <span class='ocr_line' id='line_1_13' title="bbox 114 1260 1167 1317; baseline 0.005 -15"><span class='ocrx_word' id='word_1_89' title='bbox 114 1260 301 1303; x_wconf 85' lang='lat' dir='ltr'>Secretis</span> <span class='ocrx_word' id='word_1_90' title='bbox 327 1261 405 1304; x_wconf 89' lang='lat' dir='ltr'>alii</span> <span class='ocrx_word' id='word_1_91' title='bbox 429 1263 574 1306; x_wconf 85' lang='lat' dir='ltr'>secum</span> <span class='ocrx_word' id='word_1_92' title='bbox 602 1263 866 1306; x_wconf 83' lang='lat' dir='ltr'>meditantur</span> <span class='ocrx_word' id='word_1_93' title='bbox 891 1263 941 1306; x_wconf 81' lang='lat' dir='ltr'>in</span> <span class='ocrx_word' id='word_1_94' title='bbox 969 1263 1135 1307; x_wconf 83' lang='lat' dir='ltr'>umbris</span> <span class='ocrx_word' id='word_1_95' title='bbox 1153 1297 1167 1317; x_wconf 86' lang='lat'>,</span> 
     </span>
     <span class='ocr_line' id='line_1_14' title="bbox 112 1343 1211 1402; baseline 0.005 -19"><span class='ocrx_word' id='word_1_96' title='bbox 112 1343 259 1398; x_wconf 84' lang='lat' dir='ltr'>Atque</span> <span class='ocrx_word' id='word_1_97' title='bbox 289 1344 380 1385; x_wconf 92' lang='lat' dir='ltr'>alto</span> <span class='ocrx_word' id='word_1_98' title='bbox 409 1344 528 1401; x_wconf 86' lang='lat' dir='ltr'>leges</span> <span class='ocrx_word' id='word_1_99' title='bbox 557 1344 794 1402; x_wconf 87' lang='lat' dir='ltr'>divinaque</span> <span class='ocrx_word' id='word_1_100' title='bbox 825 1346 939 1387; x_wconf 91' lang='lat' dir='ltr'>dona</span> <span class='ocrx_word' id='word_1_101' title='bbox 967 1346 1211 1388; x_wconf 80' lang='lat' dir='ltr'>revolvunt</span> 
     </span>
     <span class='ocr_line' id='line_1_15' title="bbox 114 1423 1257 1482; baseline 0.004 -17"><span class='ocrx_word' id='word_1_102' title='bbox 114 1423 330 1473; x_wconf 72' lang='grc' dir='ltr'><strong>Ρεᾶοτες</strong></span> <span class='ocrx_word' id='word_1_103' title='bbox 362 1425 437 1467; x_wconf 87' lang='lat' dir='ltr'>vel</span> <span class='ocrx_word' id='word_1_104' title='bbox 466 1425 604 1482; x_wconf 86' lang='lat' dir='ltr'>longo</span> <span class='ocrx_word' id='word_1_105' title='bbox 636 1426 868 1468; x_wconf 87' lang='lat' dir='ltr'>decurrunt</span> <span class='ocrx_word' id='word_1_106' title='bbox 895 1437 1119 1468; x_wconf 87' lang='lat' dir='ltr'>murmure</span> <span class='ocrx_word' id='word_1_107' title='bbox 1149 1426 1257 1470; x_wconf 79' lang='lat' dir='ltr'>sacri</span> 
     </span>
     <span class='ocr_line' id='line_1_16' title="bbox 111 1502 1256 1562; baseline 0.001 -15"><span class='ocrx_word' id='word_1_108' title='bbox 111 1503 251 1547; x_wconf 81' lang='lat' dir='ltr'>Pensa</span> <span class='ocrx_word' id='word_1_109' title='bbox 277 1502 505 1561; x_wconf 76' lang='lat' dir='ltr'>ministerii</span> <span class='ocrx_word' id='word_1_110' title='bbox 523 1537 535 1556; x_wconf 87' lang='lat'>‚</span> <span class='ocrx_word' id='word_1_111' title='bbox 563 1504 636 1560; x_wconf 89' lang='lat' dir='ltr'>pia</span> <span class='ocrx_word' id='word_1_112' title='bbox 661 1517 770 1547; x_wconf 86' lang='lat' dir='ltr'>vota</span> <span class='ocrx_word' id='word_1_113' title='bbox 795 1505 1034 1562; x_wconf 87' lang='lat' dir='ltr'>precesque</span> <span class='ocrx_word' id='word_1_114' title='bbox 1061 1505 1256 1550; x_wconf 86' lang='lat' dir='ltr'>diurnas.</span> 
     </span>
     <span class='ocr_line' id='line_1_17' title="bbox 114 1583 1217 1644; baseline 0.003 -16"><span class='ocrx_word' id='word_1_115' title='bbox 114 1585 202 1628; x_wconf 90' lang='lat' dir='ltr'>Sub</span> <span class='ocrx_word' id='word_1_116' title='bbox 230 1585 376 1640; x_wconf 84' lang='lat' dir='ltr'>patula</span> <span class='ocrx_word' id='word_1_117' title='bbox 403 1585 532 1627; x_wconf 87' lang='lat' dir='ltr'>multi</span> <span class='ocrx_word' id='word_1_118' title='bbox 561 1583 714 1628; x_wconf 84' lang='lat' dir='ltr'>feffum</span> <span class='ocrx_word' id='word_1_119' title='bbox 739 1586 853 1628; x_wconf 88' lang='lat' dir='ltr'>latus</span> <span class='ocrx_word' id='word_1_120' title='bbox 880 1585 982 1629; x_wconf 91' lang='lat' dir='ltr'>ilice</span> <span class='ocrx_word' id='word_1_121' title='bbox 1012 1600 1217 1644; x_wconf 84' lang='lat' dir='ltr'>ponunt:</span> 
     </span>
     <span class='ocr_line' id='line_1_18' title="bbox 118 1653 1322 1732; baseline 0.005 -26"><span class='ocrx_word' id='word_1_122' title='bbox 118 1653 355 1707; x_wconf 77' lang='lat' dir='ltr'>Cantantes</span> <span class='ocrx_word' id='word_1_123' title='bbox 385 1665 460 1707; x_wconf 89' lang='lat' dir='ltr'>ille</span> <span class='ocrx_word' id='word_1_124' title='bbox 488 1664 607 1707; x_wconf 87' lang='lat' dir='ltr'>audit</span> <span class='ocrx_word' id='word_1_125' title='bbox 632 1679 735 1708; x_wconf 81' lang='lat' dir='ltr'>aves</span> <span class='ocrx_word' id='word_1_126' title='bbox 757 1698 768 1718; x_wconf 88' lang='lat'>,</span> <span class='ocrx_word' id='word_1_127' title='bbox 799 1665 972 1709; x_wconf 83' lang='lat' dir='ltr'>auditur</span> <span class='ocrx_word' id='word_1_128' title='bbox 1001 1667 1045 1709; x_wconf 72' lang='grc' dir='ltr'>ἃ.</span> <span class='ocrx_word' id='word_1_129' title='bbox 1073 1667 1160 1711; x_wconf 85' lang='lat' dir='ltr'>inis</span> <span class='ocrx_word' id='word_1_130' title='bbox 1181 1701 1196 1722; x_wconf 87' lang='lat'>,</span> <span class='ocrx_word' id='word_1_131' title='bbox 1319 1728 1322 1732; x_wconf 83' lang='lat'>.</span> 
     </span>
     <span class='ocr_line' id='line_1_19' title="bbox 114 1745 1316 1796; baseline 0.007 -9"><span class='ocrx_word' id='word_1_132' title='bbox 114 1746 242 1788; x_wconf 91' lang='lat' dir='ltr'>Voce</span> <span class='ocrx_word' id='word_1_133' title='bbox 261 1745 386 1788; x_wconf 91' lang='lat' dir='ltr'>suum</span> <span class='ocrx_word' id='word_1_134' title='bbox 405 1746 632 1788; x_wconf 85' lang='lat' dir='ltr'>modulans</span> <span class='ocrx_word' id='word_1_135' title='bbox 654 1746 772 1789; x_wconf 89' lang='lat' dir='ltr'>dulci</span> <span class='ocrx_word' id='word_1_136' title='bbox 789 1748 864 1790; x_wconf 90' lang='lat' dir='ltr'>vel</span> <span class='ocrx_word' id='word_1_137' title='bbox 884 1748 1094 1793; x_wconf 87' lang='lat' dir='ltr'>arundine</span> <span class='ocrx_word' id='word_1_138' title='bbox 1112 1763 1316 1796; x_wconf 87' lang='lat' dir='ltr'>carmen:</span> 
     </span>
     <span class='ocr_line' id='line_1_20' title="bbox 114 1825 1256 1885; baseline 0.005 -17"><span class='ocrx_word' id='word_1_139' title='bbox 114 1825 203 1868; x_wconf 84' lang='lat' dir='ltr'>Hic</span> <span class='ocrx_word' id='word_1_140' title='bbox 228 1825 432 1882; x_wconf 87' lang='lat' dir='ltr'>gravibus</span> <span class='ocrx_word' id='word_1_141' title='bbox 462 1825 642 1868; x_wconf 84' lang='lat' dir='ltr'>somnos</span> <span class='ocrx_word' id='word_1_142' title='bbox 672 1826 812 1868; x_wconf 88' lang='lat' dir='ltr'>oculis</span> <span class='ocrx_word' id='word_1_143' title='bbox 842 1828 1034 1870; x_wconf 87' lang='lat' dir='ltr'>admittit</span> <span class='ocrx_word' id='word_1_144' title='bbox 1064 1830 1226 1874; x_wconf 87' lang='lat' dir='ltr'>inertes</span> <span class='ocrx_word' id='word_1_145' title='bbox 1243 1863 1256 1885; x_wconf 83' lang='lat'>,</span> 
     </span>
     <span class='ocr_line' id='line_1_21' title="bbox 115 1905 1242 1962; baseline 0.004 -14"><span class='ocrx_word' id='word_1_146' title='bbox 115 1906 360 1949; x_wconf 80' lang='lat' dir='ltr'>Restituens</span> <span class='ocrx_word' id='word_1_147' title='bbox 391 1906 468 1948; x_wconf 88' lang='lat' dir='ltr'>fibi</span> <span class='ocrx_word' id='word_1_148' title='bbox 498 1920 603 1962; x_wconf 84' lang='lat' dir='ltr'>quas</span> <span class='ocrx_word' id='word_1_149' title='bbox 633 1905 772 1949; x_wconf 89' lang='lat' dir='ltr'>studio</span> <span class='ocrx_word' id='word_1_150' title='bbox 804 1906 1065 1951; x_wconf 86' lang='lat' dir='ltr'>subduxerat</span> <span class='ocrx_word' id='word_1_151' title='bbox 1094 1911 1242 1954; x_wconf 88' lang='lat' dir='ltr'>horas.</span> 
     </span>
    </p>

    <p class='ocr_par' dir='ltr' id='par_1_5' title="bbox 113 1986 1296 2527">
     <span class='ocr_line' id='line_1_22' title="bbox 175 1986 1272 2044; baseline 0.002 -13"><span class='ocrx_word' id='word_1_152' title='bbox 175 1986 424 2031; x_wconf 88' lang='lat' dir='ltr'>Trudiculis</span> <span class='ocrx_word' id='word_1_153' title='bbox 446 1988 601 2029; x_wconf 89' lang='lat' dir='ltr'>ludunt</span> <span class='ocrx_word' id='word_1_154' title='bbox 626 1987 701 2029; x_wconf 87' lang='lat' dir='ltr'>alii</span> <span class='ocrx_word' id='word_1_155' title='bbox 727 2002 737 2029; x_wconf 91' lang='lat'>:</span> <span class='ocrx_word' id='word_1_156' title='bbox 765 1988 889 2030; x_wconf 86' lang='lat' dir='ltr'>locus</span> <span class='ocrx_word' id='word_1_157' title='bbox 919 1989 1072 2031; x_wconf 86' lang='lat' dir='ltr'>arbore</span> <span class='ocrx_word' id='word_1_158' title='bbox 1097 1992 1238 2034; x_wconf 89' lang='lat' dir='ltr'>nudus</span> <span class='ocrx_word' id='word_1_159' title='bbox 1256 2023 1272 2044; x_wconf 86' lang='lat'>,</span> 
     </span>
     <span class='ocr_line' id='line_1_23' title="bbox 117 2067 1288 2127; baseline 0.002 -15"><span class='ocrx_word' id='word_1_160' title='bbox 117 2069 202 2113; x_wconf 90' lang='lat' dir='ltr'>Cui</span> <span class='ocrx_word' id='word_1_161' title='bbox 231 2067 546 2124; x_wconf 84' lang='lat' dir='ltr'>circumpofitae</span> <span class='ocrx_word' id='word_1_162' title='bbox 574 2068 768 2123; x_wconf 87' lang='lat' dir='ltr'>praebent</span> <span class='ocrx_word' id='word_1_163' title='bbox 795 2069 1043 2112; x_wconf 87' lang='lat' dir='ltr'>umbracula</span> <span class='ocrx_word' id='word_1_164' title='bbox 1067 2083 1254 2127; x_wconf 90' lang='lat' dir='ltr'>quercus</span> <span class='ocrx_word' id='word_1_165' title='bbox 1272 2103 1288 2125; x_wconf 85' lang='lat'>,</span> 
     </span>
     <span class='ocr_line' id='line_1_24' title="bbox 114 2146 1106 2207; baseline 0.001 -15"><span class='ocrx_word' id='word_1_166' title='bbox 114 2150 302 2207; x_wconf 85' lang='lat' dir='ltr'>Eligitur</span> <span class='ocrx_word' id='word_1_167' title='bbox 328 2164 342 2198; x_wconf 88' lang='lat'>;</span> <span class='ocrx_word' id='word_1_168' title='bbox 373 2146 517 2204; x_wconf 65' lang='lat' dir='ltr'>sparsa</span> <span class='ocrx_word' id='word_1_169' title='bbox 547 2148 676 2190; x_wconf 85' lang='lat' dir='ltr'>tellus</span> <span class='ocrx_word' id='word_1_170' title='bbox 706 2146 914 2191; x_wconf 84' lang='lat' dir='ltr'>solidatur</span> <span class='ocrx_word' id='word_1_171' title='bbox 945 2149 1106 2204; x_wconf 63' lang='lat' dir='ltr'>arena,</span> 
     </span>
     <span class='ocr_line' id='line_1_25' title="bbox 114 2228 1150 2289; baseline 0.004 -18"><span class='ocrx_word' id='word_1_172' title='bbox 114 2231 314 2285; x_wconf 84' lang='lat' dir='ltr'>Quaeque</span> <span class='ocrx_word' id='word_1_173' title='bbox 338 2229 537 2271; x_wconf 90' lang='lat' dir='ltr'>laborato</span> <span class='ocrx_word' id='word_1_174' title='bbox 566 2228 843 2284; x_wconf 73' lang='lat' dir='ltr'>praecluditur</span> <span class='ocrx_word' id='word_1_175' title='bbox 873 2244 969 2273; x_wconf 86' lang='lat' dir='ltr'>area</span> <span class='ocrx_word' id='word_1_176' title='bbox 995 2232 1119 2289; x_wconf 88' lang='lat' dir='ltr'>ligno</span> <span class='ocrx_word' id='word_1_177' title='bbox 1137 2265 1150 2285; x_wconf 89' lang='lat'>‚</span> 
     </span>
     <span class='ocr_line' id='line_1_26' title="bbox 114 2308 1286 2365; baseline 0.005 -12"><span class='ocrx_word' id='word_1_178' title='bbox 114 2310 240 2353; x_wconf 58' lang='lat' dir='ltr'>Secia</span> <span class='ocrx_word' id='word_1_179' title='bbox 267 2309 364 2352; x_wconf 85' lang='lat' dir='ltr'>vias</span> <span class='ocrx_word' id='word_1_180' title='bbox 396 2320 514 2364; x_wconf 89' lang='lat' dir='ltr'>patet</span> <span class='ocrx_word' id='word_1_181' title='bbox 542 2308 591 2350; x_wconf 87' lang='lat' dir='ltr'>in</span> <span class='ocrx_word' id='word_1_182' title='bbox 617 2322 805 2365; x_wconf 86' lang='lat' dir='ltr'>quatuor</span> <span class='ocrx_word' id='word_1_183' title='bbox 830 2325 842 2352; x_wconf 76' lang='grc' dir='ltr'><strong>ε</strong></span> <span class='ocrx_word' id='word_1_184' title='bbox 874 2311 952 2354; x_wconf 84' lang='lat' dir='ltr'>stat</span> <span class='ocrx_word' id='word_1_185' title='bbox 981 2313 1146 2357; x_wconf 86' lang='lat' dir='ltr'>ferreus</span> <span class='ocrx_word' id='word_1_186' title='bbox 1177 2316 1286 2359; x_wconf 84' lang='lat' dir='ltr'>orbe</span> 
     </span>
     <span class='ocr_line' id='line_1_27' title="bbox 113 2387 1226 2444; baseline 0.003 -10"><span class='ocrx_word' id='word_1_187' title='bbox 113 2391 312 2434; x_wconf 85' lang='lat' dir='ltr'>Annulus</span> <span class='ocrx_word' id='word_1_188' title='bbox 341 2387 388 2430; x_wconf 88' lang='lat' dir='ltr'>in</span> <span class='ocrx_word' id='word_1_189' title='bbox 417 2387 563 2431; x_wconf 87' lang='lat' dir='ltr'>medio</span> <span class='ocrx_word' id='word_1_190' title='bbox 583 2420 594 2440; x_wconf 91' lang='lat'>‚</span> <span class='ocrx_word' id='word_1_191' title='bbox 621 2393 709 2443; x_wconf 46' lang='lat' dir='ltr'>per*</span> <span class='ocrx_word' id='word_1_192' title='bbox 725 2403 856 2444; x_wconf 87' lang='lat' dir='ltr'>quem</span> <span class='ocrx_word' id='word_1_193' title='bbox 883 2390 914 2432; x_wconf 86' lang='lat' dir='ltr'><strong>fi</strong></span> <span class='ocrx_word' id='word_1_194' title='bbox 941 2393 1110 2436; x_wconf 88' lang='lat' dir='ltr'>buxeus</span> <span class='ocrx_word' id='word_1_195' title='bbox 1137 2394 1226 2436; x_wconf 61' lang='lat' dir='ltr'>ull&amp;</span> 
     </span>
     <span class='ocr_line' id='line_1_28' title="bbox 114 2468 1296 2527; baseline 0.003 -14"><span class='ocrx_word' id='word_1_196' title='bbox 114 2469 348 2526; x_wconf 76' lang='lat' dir='ltr'>Traiicitur</span> <span class='ocrx_word' id='word_1_197' title='bbox 365 2468 454 2513; x_wconf 89' lang='lat' dir='ltr'>fine</span> <span class='ocrx_word' id='word_1_198' title='bbox 472 2470 619 2515; x_wconf 82' lang='lat' dir='ltr'>fraude</span> <span class='ocrx_word' id='word_1_199' title='bbox 639 2470 792 2527; x_wconf 86' lang='lat' dir='ltr'>globus</span> <span class='ocrx_word' id='word_1_200' title='bbox 810 2498 825 2520; x_wconf 86' lang='lat'>‚</span> <span class='ocrx_word' id='word_1_201' title='bbox 837 2473 919 2517; x_wconf 58' lang='lat' dir='ltr'>‘vel</span> <span class='ocrx_word' id='word_1_202' title='bbox 938 2473 1114 2518; x_wconf 85' lang='lat' dir='ltr'>tramite</span> <span class='ocrx_word' id='word_1_203' title='bbox 1133 2474 1296 2517; x_wconf 73' lang='lat' dir='ltr'>circum</span> 
     </span>
    </p>
   </div>
   <div class='ocr_carea' id='block_1_4' title="bbox 1061 2553 1346 2611">
    <p class='ocr_par' dir='ltr' id='par_1_6' title="bbox 1061 2553 1346 2611">
     <span class='ocr_line' id='line_1_29' title="bbox 1061 2553 1346 2611; baseline 0.011 -16"><span class='ocrx_word' id='word_1_204' title='bbox 1061 2553 1346 2611; x_wconf 81' lang='lat' dir='ltr'>Quadruplici</span> 
     </span>
    </p>
   </div>
  </div>
 </body>
</html>
