<?xml version="1.0" encoding="UTF-8"?>
<!DOCTYPE html PUBLIC "-//W3C//DTD XHTML 1.0 Transitional//EN"
    "http://www.w3.org/TR/xhtml1/DTD/xhtml1-transitional.dtd">
<html xmlns="http://www.w3.org/1999/xhtml" xml:lang="en" lang="en">
 <head>
  <title>
</title>
<meta http-equiv="Content-Type" content="text/html;charset=utf-8" />
  <meta name='ocr-system' content='tesseract 3.04.00' />
  <meta name='ocr-capabilities' content='ocr_page ocr_carea ocr_par ocr_line ocrx_word'/>
</head>
<body>
  <div class='ocr_page' id='page_1' title='image "./praediumrusticum00vaniuoft_0126.png"; bbox 0 0 1500 2886; ppageno 0'>
   <div class='ocr_carea' id='block_1_1' title="bbox 77 218 1336 2486">
    <p class='ocr_par' dir='ltr' id='par_1_1' title="bbox 86 218 1062 286">
     <span class='ocr_line' id='line_1_1' title="bbox 86 218 1062 286; baseline -0.001 -1"><span class='ocrx_word' id='word_1_1' title='bbox 86 218 197 286; x_wconf 67' lang='grc' dir='ltr'><strong>1οὸ.</strong></span> <span class='ocrx_word' id='word_1_2' title='bbox 316 228 657 286; x_wconf 74' lang='lat' dir='ltr'><em>PRAEDII</em></span> <span class='ocrx_word' id='word_1_3' title='bbox 702 227 1062 284; x_wconf 70' lang='lat' dir='ltr'><strong>Rvsrtct</strong></span> 
     </span>
    </p>

    <p class='ocr_par' dir='ltr' id='par_1_2' title="bbox 77 328 1065 387">
     <span class='ocr_line' id='line_1_2' title="bbox 77 328 1065 387; baseline -0.005 -5"><span class='ocrx_word' id='word_1_4' title='bbox 77 328 273 382; x_wconf 69' lang='lat' dir='ltr'><strong>Delicias</strong></span> <span class='ocrx_word' id='word_1_5' title='bbox 299 329 411 382; x_wconf 71' lang='lat' dir='ltr'><strong>‚ruris</strong></span> <span class='ocrx_word' id='word_1_6' title='bbox 430 362 442 381; x_wconf 78' lang='grc'><em>,</em></span> <span class='ocrx_word' id='word_1_7' title='bbox 470 331 545 381; x_wconf 68' lang='lat' dir='ltr'><strong>vel</strong></span> <span class='ocrx_word' id='word_1_8' title='bbox 570 330 738 387; x_wconf 78' lang='lat' dir='ltr'><strong>Regum</strong></span> <span class='ocrx_word' id='word_1_9' title='bbox 765 328 914 385; x_wconf 62' lang='lat' dir='ltr'><strong>praelia</strong></span> <span class='ocrx_word' id='word_1_10' title='bbox 938 339 1065 378; x_wconf 77' lang='lat' dir='ltr'><strong>textu</strong></span> 
     </span>
    </p>

    <p class='ocr_par' dir='ltr' id='par_1_3' title="bbox 78 407 1310 548">
     <span class='ocr_line' id='line_1_3' title="bbox 78 407 1175 468; baseline -0.001 -16"><span class='ocrx_word' id='word_1_11' title='bbox 78 408 250 452; x_wconf 84' lang='lat' dir='ltr'><strong>Artifici</strong></span> <span class='ocrx_word' id='word_1_12' title='bbox 277 410 463 461; x_wconf 79' lang='lat' dir='ltr'><strong>referat:</strong></span> <span class='ocrx_word' id='word_1_13' title='bbox 485 409 614 461; x_wconf 77' lang='lat' dir='ltr'><strong>nobis</strong></span> <span class='ocrx_word' id='word_1_14' title='bbox 641 410 922 461; x_wconf 75' lang='lat' dir='ltr'><strong>memoranda</strong></span> <span class='ocrx_word' id='word_1_15' title='bbox 946 407 1175 468; x_wconf 85' lang='lat' dir='ltr'><strong>supersunt</strong></span> 
     </span>
     <span class='ocr_line' id='line_1_4' title="bbox 80 486 1310 548; baseline 0.001 -14"><span class='ocrx_word' id='word_1_16' title='bbox 80 490 226 546; x_wconf 77' lang='lat' dir='ltr'><strong>Multa</strong></span> <span class='ocrx_word' id='word_1_17' title='bbox 242 490 401 541; x_wconf 82' lang='lat' dir='ltr'><strong>ovibus</strong></span> <span class='ocrx_word' id='word_1_18' title='bbox 417 490 546 547; x_wconf 90' lang='lat' dir='ltr'><strong>super</strong></span> <span class='ocrx_word' id='word_1_19' title='bbox 556 523 569 544; x_wconf 92' lang='lat'>‚</span> <span class='ocrx_word' id='word_1_20' title='bbox 585 502 716 548; x_wconf 75' lang='lat' dir='ltr'><strong>atque</strong></span> <span class='ocrx_word' id='word_1_21' title='bbox 732 488 890 541; x_wconf 74' lang='lat' dir='ltr'><strong>ovium</strong></span> <span class='ocrx_word' id='word_1_22' title='bbox 905 489 1078 548; x_wconf 73' lang='lat' dir='ltr'><strong>custode</strong></span> <span class='ocrx_word' id='word_1_23' title='bbox 1090 486 1310 539; x_wconf 68' lang='lat' dir='ltr'><strong>Molosso-¹</strong></span> 
     </span>
    </p>

    <p class='ocr_par' dir='ltr' id='par_1_4' title="bbox 83 569 1310 791">
     <span class='ocr_line' id='line_1_5' title="bbox 143 569 1310 633; baseline -0.001 -19"><span class='ocrx_word' id='word_1_24' title='bbox 143 573 197 615; x_wconf 89' lang='lat' dir='ltr'><strong>In</strong></span> <span class='ocrx_word' id='word_1_25' title='bbox 214 571 366 621; x_wconf 81' lang='lat' dir='ltr'><strong>varios</strong></span> <span class='ocrx_word' id='word_1_26' title='bbox 386 585 519 628; x_wconf 78' lang='lat' dir='ltr'><strong>pecus</strong></span> <span class='ocrx_word' id='word_1_27' title='bbox 539 585 673 623; x_wconf 82' lang='lat' dir='ltr'><strong>omne</strong></span> <span class='ocrx_word' id='word_1_28' title='bbox 693 569 1098 633; x_wconf 64' lang='lat' dir='ltr'><strong>greges&#39;disperge3</strong></span> <span class='ocrx_word' id='word_1_29' title='bbox 1123 569 1310 616; x_wconf 85' lang='lat' dir='ltr'><strong>remotis</strong></span> 
     </span>
     <span class='ocr_line' id='line_1_6' title="bbox 83 650 1251 710; baseline 0.002 -16"><span class='ocrx_word' id='word_1_30' title='bbox 83 653 148 694; x_wconf 91' lang='lat' dir='ltr'><strong>Ut</strong></span> <span class='ocrx_word' id='word_1_31' title='bbox 166 653 343 708; x_wconf 82' lang='lat' dir='ltr'><strong>pascens</strong></span> <span class='ocrx_word' id='word_1_32' title='bbox 361 652 465 703; x_wconf 76' lang='lat' dir='ltr'><strong>hinc</strong></span> <span class='ocrx_word' id='word_1_33' title='bbox 483 651 583 695; x_wconf 88' lang='lat' dir='ltr'><strong>inde</strong></span> <span class='ocrx_word' id='word_1_34' title='bbox 602 650 714 703; x_wconf 77' lang='lat' dir='ltr'><strong>locis</strong></span> <span class='ocrx_word' id='word_1_35' title='bbox 734 684 746 704; x_wconf 84' lang='lat'>‚</span> <span class='ocrx_word' id='word_1_36' title='bbox 782 652 827 698; x_wconf 85' lang='lat'>&amp;</span> <span class='ocrx_word' id='word_1_37' title='bbox 846 651 1054 710; x_wconf 82' lang='lat' dir='ltr'><strong>graminis</strong></span> <span class='ocrx_word' id='word_1_38' title='bbox 1072 651 1251 707; x_wconf 80' lang='lat' dir='ltr'><strong>herbam</strong></span> 
     </span>
     <span class='ocr_line' id='line_1_7' title="bbox 85 731 1189 791; baseline 0 -16"><span class='ocrx_word' id='word_1_39' title='bbox 85 733 235 776; x_wconf 84' lang='lat' dir='ltr'><strong>Latius</strong></span> <span class='ocrx_word' id='word_1_40' title='bbox 262 734 456 777; x_wconf 83' lang='lat' dir='ltr'><strong>absumat</strong></span> <span class='ocrx_word' id='word_1_41' title='bbox 471 765 484 787; x_wconf 89' lang='lat'><strong>‚</strong></span> <span class='ocrx_word' id='word_1_42' title='bbox 515 747 595 784; x_wconf 81' lang='lat' dir='ltr'><strong>nec</strong></span> <span class='ocrx_word' id='word_1_43' title='bbox 614 747 726 784; x_wconf 69' lang='lat' dir='ltr'><strong>oyes</strong></span> <span class='ocrx_word' id='word_1_44' title='bbox 751 731 827 776; x_wconf 89' lang='lat' dir='ltr'><strong>via</strong></span> <span class='ocrx_word' id='word_1_45' title='bbox 851 734 983 790; x_wconf 76' lang='lat' dir='ltr'><strong>longa</strong></span> <span class='ocrx_word' id='word_1_46' title='bbox 999 732 1152 791; x_wconf 81' lang='lat' dir='ltr'><strong>fatiget</strong></span> <span class='ocrx_word' id='word_1_47' title='bbox 1172 746 1189 782; x_wconf 84' lang='lat'>;</span> 
     </span>
    </p>

    <p class='ocr_par' dir='ltr' id='par_1_5' title="bbox 85 803 1282 1362">
     <span class='ocr_line' id='line_1_8' title="bbox 85 803 1186 871; baseline 0 -15"><span class='ocrx_word' id='word_1_48' title='bbox 85 814 178 856; x_wconf 88' lang='lat' dir='ltr'><strong>Nec</strong></span> <span class='ocrx_word' id='word_1_49' title='bbox 205 826 384 870; x_wconf 85' lang='lat' dir='ltr'><strong>pereant</strong></span> <span class='ocrx_word' id='word_1_50' title='bbox 411 803 596 865; x_wconf 58' lang='lat' dir='ltr'><strong>OmneS{</strong></span> <span class='ocrx_word' id='word_1_51' title='bbox 627 814 766 863; x_wconf 71' lang='lat' dir='ltr'><strong>trastu</strong></span> <span class='ocrx_word' id='word_1_52' title='bbox 791 814 823 857; x_wconf 87' lang='lat' dir='ltr'><strong>fi</strong></span> <span class='ocrx_word' id='word_1_53' title='bbox 846 813 976 871; x_wconf 81' lang='lat' dir='ltr'><strong>pestis</strong></span> <span class='ocrx_word' id='word_1_54' title='bbox 1004 813 1051 857; x_wconf 89' lang='lat' dir='ltr'><strong>in</strong></span> <span class='ocrx_word' id='word_1_55' title='bbox 1077 823 1186 859; x_wconf 60' lang='lat' dir='ltr'><strong>uno*</strong></span> 
     </span>
     <span class='ocr_line' id='line_1_9' title="bbox 87 894 1210 956; baseline 0 -19"><span class='ocrx_word' id='word_1_56' title='bbox 87 894 291 939; x_wconf 85' lang='lat' dir='ltr'><strong>Saevierit</strong></span> <span class='ocrx_word' id='word_1_57' title='bbox 307 927 321 948; x_wconf 88' lang='lat'><strong>‚</strong></span> <span class='ocrx_word' id='word_1_58' title='bbox 345 897 543 946; x_wconf 83' lang='lat' dir='ltr'><strong>nondum</strong></span> <span class='ocrx_word' id='word_1_59' title='bbox 566 908 701 946; x_wconf 84' lang='lat' dir='ltr'><strong>terras</strong></span> <span class='ocrx_word' id='word_1_60' title='bbox 729 894 907 956; x_wconf 79' lang='lat' dir='ltr'><strong>graffata</strong></span> <span class='ocrx_word' id='word_1_61' title='bbox 931 909 1011 951; x_wconf 84' lang='lat' dir='ltr'><strong>per</strong></span> <span class='ocrx_word' id='word_1_62' title='bbox 1035 908 1210 942; x_wconf 83' lang='lat' dir='ltr'><strong>ornnes.</strong></span> 
     </span>
     <span class='ocr_line' id='line_1_10' title="bbox 89 976 1211 1039; baseline 0 -21"><span class='ocrx_word' id='word_1_63' title='bbox 89 977 200 1031; x_wconf 82' lang='lat' dir='ltr'><strong>Quae</strong></span> <span class='ocrx_word' id='word_1_64' title='bbox 226 976 370 1035; x_wconf 69' lang='lat' dir='ltr'><strong>fragili</strong></span> <span class='ocrx_word' id='word_1_65' title='bbox 394 979 627 1027; x_wconf 80' lang='lat' dir='ltr'><strong>metuenda</strong></span> <span class='ocrx_word' id='word_1_66' title='bbox 653 977 791 1039; x_wconf 79' lang='lat' dir='ltr'><strong>magis</strong></span> <span class='ocrx_word' id='word_1_67' title='bbox 817 976 1019 1034; x_wconf 83' lang='lat' dir='ltr'><strong>contagia</strong></span> <span class='ocrx_word' id='word_1_68' title='bbox 1042 990 1179 1037; x_wconf 76' lang='lat' dir='ltr'><strong>caprae</strong></span> <span class='ocrx_word' id='word_1_69' title='bbox 1197 990 1211 1018; x_wconf 70' lang='grc' dir='ltr'><em>τ</em></span> 
     </span>
     <span class='ocr_line' id='line_1_11' title="bbox 89 1055 1275 1115; baseline -0.003 -15"><span class='ocrx_word' id='word_1_70' title='bbox 89 1058 160 1100; x_wconf 89' lang='lat' dir='ltr'><strong>Tu</strong></span> <span class='ocrx_word' id='word_1_71' title='bbox 187 1057 266 1106; x_wconf 75' lang='lat' dir='ltr'><strong>nisi</strong></span> <span class='ocrx_word' id='word_1_72' title='bbox 283 1092 297 1114; x_wconf 91' lang='lat'>,</span> <span class='ocrx_word' id='word_1_73' title='bbox 322 1073 454 1115; x_wconf 75' lang='lat' dir='ltr'><strong>quem</strong></span> <span class='ocrx_word' id='word_1_74' title='bbox 478 1061 599 1107; x_wconf 82' lang='lat' dir='ltr'><strong>tabes</strong></span> <span class='ocrx_word' id='word_1_75' title='bbox 624 1058 837 1107; x_wconf 74' lang='lat' dir='ltr'>invaserit</span> <span class='ocrx_word' id='word_1_76' title='bbox 861 1057 1038 1105; x_wconf 76' lang='lat' dir='ltr'><strong>horrida</strong></span> <span class='ocrx_word' id='word_1_77' title='bbox 1055 1090 1069 1110; x_wconf 86' lang='lat'>‚</span> <span class='ocrx_word' id='word_1_78' title='bbox 1100 1055 1275 1102; x_wconf 82' lang='lat' dir='ltr'><strong>claudas</strong></span> 
     </span>
     <span class='ocr_line' id='line_1_12' title="bbox 89 1136 1282 1198; baseline -0.003 -17"><span class='ocrx_word' id='word_1_79' title='bbox 89 1140 208 1182; x_wconf 82' lang='lat' dir='ltr'><strong>Intra</strong></span> <span class='ocrx_word' id='word_1_80' title='bbox 227 1139 345 1195; x_wconf 84' lang='lat' dir='ltr'><strong>septa</strong></span> <span class='ocrx_word' id='word_1_81' title='bbox 365 1154 540 1198; x_wconf 85' lang='lat' dir='ltr'>gregem</span> <span class='ocrx_word' id='word_1_82' title='bbox 561 1156 575 1190; x_wconf 79' lang='lat'>3</span> <span class='ocrx_word' id='word_1_83' title='bbox 601 1154 836 1198; x_wconf 82' lang='lat' dir='ltr'><strong>cannaeque</strong></span> <span class='ocrx_word' id='word_1_84' title='bbox 856 1137 1054 1196; x_wconf 79' lang='lat' dir='ltr'><strong>palustris</strong></span> <span class='ocrx_word' id='word_1_85' title='bbox 1072 1170 1085 1192; x_wconf 84' lang='lat'>‚</span> <span class='ocrx_word' id='word_1_86' title='bbox 1114 1138 1158 1181; x_wconf 89' lang='lat'>&amp;</span> <span class='ocrx_word' id='word_1_87' title='bbox 1175 1136 1282 1180; x_wconf 80' lang='lat' dir='ltr'><strong>albae</strong></span> 
     </span>
     <span class='ocr_line' id='line_1_13' title="bbox 91 1220 1036 1279; baseline 0 -15"><span class='ocrx_word' id='word_1_88' title='bbox 91 1220 274 1266; x_wconf 82' lang='lat' dir='ltr'>Radices</span> <span class='ocrx_word' id='word_1_89' title='bbox 305 1221 439 1279; x_wconf 81' lang='lat' dir='ltr'><strong>spinae</strong></span> <span class='ocrx_word' id='word_1_90' title='bbox 463 1222 587 1268; x_wconf 87' lang='lat' dir='ltr'><strong>tritas</strong></span> <span class='ocrx_word' id='word_1_91' title='bbox 615 1221 882 1279; x_wconf 70' lang='lat' dir='ltr'><strong>pluvialibus</strong></span> <span class='ocrx_word' id='word_1_92' title='bbox 906 1220 1036 1267; x_wconf 84' lang='lat' dir='ltr'><strong>undis</strong></span> 
     </span>
     <span class='ocr_line' id='line_1_14' title="bbox 91 1286 1122 1362; baseline 0.005 -20"><span class='ocrx_word' id='word_1_93' title='bbox 91 1301 346 1346; x_wconf 88' lang='lat' dir='ltr'><strong>Immiscens</strong></span> <span class='ocrx_word' id='word_1_94' title='bbox 366 1335 381 1355; x_wconf 87' lang='lat'>‚</span> <span class='ocrx_word' id='word_1_95' title='bbox 409 1301 536 1362; x_wconf 79' lang='lat' dir='ltr'><strong>aegris</strong></span> <span class='ocrx_word' id='word_1_96' title='bbox 560 1314 673 1360; x_wconf 89' lang='lat' dir='ltr'><strong>potu</strong></span> <span class='ocrx_word' id='word_1_97' title='bbox 699 1303 897 1346; x_wconf 84' lang='lat' dir='ltr'>medeare</span> <span class='ocrx_word' id='word_1_98' title='bbox 926 1286 1122 1358; x_wconf 85' lang='lat' dir='ltr'><strong>capellis.</strong></span> 
     </span>
    </p>

    <p class='ocr_par' dir='ltr' id='par_1_6' title="bbox 96 1382 1336 1923">
     <span class='ocr_line' id='line_1_15' title="bbox 155 1382 1328 1441; baseline 0.003 -17"><span class='ocrx_word' id='word_1_99' title='bbox 155 1383 224 1425; x_wconf 89' lang='lat' dir='ltr'><strong>Est</strong></span> <span class='ocrx_word' id='word_1_100' title='bbox 235 1383 310 1427; x_wconf 89' lang='lat' dir='ltr'><strong>ubi</strong></span> <span class='ocrx_word' id='word_1_101' title='bbox 322 1383 474 1428; x_wconf 89' lang='lat' dir='ltr'><strong>miscet</strong></span> <span class='ocrx_word' id='word_1_102' title='bbox 485 1398 616 1441; x_wconf 85' lang='lat' dir='ltr'><strong>agens</strong></span> <span class='ocrx_word' id='word_1_103' title='bbox 628 1397 788 1439; x_wconf 83' lang='lat' dir='ltr'><strong>pecora</strong></span> <span class='ocrx_word' id='word_1_104' title='bbox 803 1382 954 1437; x_wconf 78' lang='lat' dir='ltr'><strong>omnia</strong></span> <span class='ocrx_word' id='word_1_105' title='bbox 963 1382 1328 1441; x_wconf 76' lang='lat' dir='ltr'><strong>Pastor-‚ovesque</strong></span> 
     </span>
     <span class='ocr_line' id='line_1_16' title="bbox 96 1461 1177 1519; baseline 0 -14"><span class='ocrx_word' id='word_1_106' title='bbox 96 1463 211 1506; x_wconf 86' lang='lat' dir='ltr'><strong>Cum</strong></span> <span class='ocrx_word' id='word_1_107' title='bbox 237 1463 382 1507; x_wconf 90' lang='lat' dir='ltr'><strong>suibus</strong></span> <span class='ocrx_word' id='word_1_108' title='bbox 406 1462 573 1518; x_wconf 64' lang='lat' dir='ltr'><strong>junfitas</strong></span> <span class='ocrx_word' id='word_1_109' title='bbox 599 1477 692 1507; x_wconf 89' lang='lat' dir='ltr'><strong>uno</strong></span> <span class='ocrx_word' id='word_1_110' title='bbox 717 1462 950 1519; x_wconf 70' lang='lat' dir='ltr'>compellit</span> <span class='ocrx_word' id='word_1_111' title='bbox 973 1461 1142 1507; x_wconf 87' lang='lat' dir='ltr'><strong>hibisco</strong></span> <span class='ocrx_word' id='word_1_112' title='bbox 1162 1478 1177 1512; x_wconf 76' lang='lat'>3</span> 
     </span>
     <span class='ocr_line' id='line_1_17' title="bbox 97 1541 1226 1602; baseline 0.001 -17"><span class='ocrx_word' id='word_1_113' title='bbox 97 1542 336 1587; x_wconf 86' lang='lat' dir='ltr'><strong>Diffimiles</strong></span> <span class='ocrx_word' id='word_1_114' title='bbox 363 1556 626 1600; x_wconf 84' lang='lat' dir='ltr'><strong>quamquam</strong></span> <span class='ocrx_word' id='word_1_115' title='bbox 645 1541 782 1587; x_wconf 85' lang='lat' dir='ltr'><strong>studia</strong></span> <span class='ocrx_word' id='word_1_116' title='bbox 806 1542 856 1586; x_wconf 87' lang='lat' dir='ltr'><strong>in</strong></span> <span class='ocrx_word' id='word_1_117' title='bbox 880 1542 1096 1586; x_wconf 85' lang='lat' dir='ltr'><strong>contraria</strong></span> <span class='ocrx_word' id='word_1_118' title='bbox 1119 1541 1226 1602; x_wconf 85' lang='lat' dir='ltr'><strong>ferri</strong></span> 
     </span>
     <span class='ocr_line' id='line_1_18' title="bbox 98 1621 1336 1681; baseline 0.002 -15"><span class='ocrx_word' id='word_1_119' title='bbox 98 1621 275 1680; x_wconf 62' lang='lat' dir='ltr'><strong>Spectet</strong></span> <span class='ocrx_word' id='word_1_120' title='bbox 292 1623 502 1680; x_wconf 81' lang='lat' dir='ltr'><strong>utrosque</strong></span> <span class='ocrx_word' id='word_1_121' title='bbox 522 1636 674 1681; x_wconf 82' lang='lat' dir='ltr'>greges</span> <span class='ocrx_word' id='word_1_122' title='bbox 692 1638 704 1666; x_wconf 72' lang='grc' dir='ltr'>ε</span> <span class='ocrx_word' id='word_1_123' title='bbox 721 1623 850 1667; x_wconf 75' lang='lat' dir='ltr'><strong>silvas</strong></span> <span class='ocrx_word' id='word_1_124' title='bbox 871 1623 915 1678; x_wconf 69' lang='grc' dir='ltr'><strong>ὃς</strong></span> <span class='ocrx_word' id='word_1_125' title='bbox 934 1636 1072 1680; x_wconf 83' lang='lat' dir='ltr'><strong>opaca</strong></span> <span class='ocrx_word' id='word_1_126' title='bbox 1091 1623 1336 1681; x_wconf 61' lang='lat' dir='ltr'><strong>sequuntur</strong></span> 
     </span>
     <span class='ocr_line' id='line_1_19' title="bbox 99 1702 1285 1758; baseline 0 -10"><span class='ocrx_word' id='word_1_127' title='bbox 99 1706 218 1748; x_wconf 89' lang='lat' dir='ltr'><strong>Rura</strong></span> <span class='ocrx_word' id='word_1_128' title='bbox 238 1704 335 1747; x_wconf 88' lang='lat' dir='ltr'><strong>sues</strong></span> <span class='ocrx_word' id='word_1_129' title='bbox 356 1720 367 1748; x_wconf 89' lang='lat'>:</span> <span class='ocrx_word' id='word_1_130' title='bbox 387 1718 542 1748; x_wconf 87' lang='lat' dir='ltr'><strong>nemus</strong></span> <span class='ocrx_word' id='word_1_131' title='bbox 561 1718 695 1748; x_wconf 89' lang='lat' dir='ltr'><strong>omne</strong></span> <span class='ocrx_word' id='word_1_132' title='bbox 711 1702 866 1748; x_wconf 87' lang='lat' dir='ltr'><strong>bidens</strong></span> <span class='ocrx_word' id='word_1_133' title='bbox 885 1704 1020 1748; x_wconf 85' lang='lat' dir='ltr'><strong>exosa</strong></span> <span class='ocrx_word' id='word_1_134' title='bbox 1038 1736 1052 1758; x_wconf 86' lang='lat'>‚</span> <span class='ocrx_word' id='word_1_135' title='bbox 1070 1703 1285 1754; x_wconf 75' lang='lat' dir='ltr'><strong>virentes·</strong></span> 
     </span>
     <span class='ocr_line' id='line_1_20' title="bbox 99 1783 1301 1847; baseline 0 -19"><span class='ocrx_word' id='word_1_136' title='bbox 99 1786 277 1829; x_wconf 84' lang='lat' dir='ltr'>Tondet</span> <span class='ocrx_word' id='word_1_137' title='bbox 295 1799 421 1844; x_wconf 89' lang='lat' dir='ltr'><strong>agros</strong></span> <span class='ocrx_word' id='word_1_138' title='bbox 443 1818 456 1839; x_wconf 92' lang='lat'>‚</span> <span class='ocrx_word' id='word_1_139' title='bbox 477 1799 558 1829; x_wconf 91' lang='lat' dir='ltr'><strong>nec</strong></span> <span class='ocrx_word' id='word_1_140' title='bbox 577 1797 692 1829; x_wconf 86' lang='lat' dir='ltr'><strong>amat</strong></span> <span class='ocrx_word' id='word_1_141' title='bbox 709 1783 904 1847; x_wconf 79' lang='lat' dir='ltr'><strong>fluvialia</strong></span> <span class='ocrx_word' id='word_1_142' title='bbox 923 1784 1077 1828; x_wconf 84' lang='lat' dir='ltr'><strong>littora</strong></span> <span class='ocrx_word' id='word_1_143' title='bbox 1095 1817 1110 1838; x_wconf 86' lang='lat'>‚</span> <span class='ocrx_word' id='word_1_144' title='bbox 1130 1784 1301 1843; x_wconf 84' lang='lat' dir='ltr'><strong>magnis</strong></span> 
     </span>
     <span class='ocr_line' id='line_1_21' title="bbox 100 1864 1196 1923; baseline 0 -14"><span class='ocrx_word' id='word_1_145' title='bbox 100 1867 214 1921; x_wconf 69' lang='lat' dir='ltr'><strong>Quae</strong></span> <span class='ocrx_word' id='word_1_146' title='bbox 234 1865 453 1909; x_wconf 85' lang='lat' dir='ltr'><strong>scrobibus</strong></span> <span class='ocrx_word' id='word_1_147' title='bbox 474 1864 600 1923; x_wconf 85' lang='lat' dir='ltr'><strong>gestit</strong></span> <span class='ocrx_word' id='word_1_148' title='bbox 616 1864 753 1909; x_wconf 83' lang='lat' dir='ltr'><strong>soffor</strong></span> <span class='ocrx_word' id='word_1_149' title='bbox 770 1864 1000 1908; x_wconf 84' lang='lat' dir='ltr'><strong>concidere</strong></span> <span class='ocrx_word' id='word_1_150' title='bbox 1019 1878 1196 1920; x_wconf 85' lang='lat' dir='ltr'><strong>porcus.</strong></span> 
     </span>
    </p>

    <p class='ocr_par' dir='ltr' id='par_1_7' title="bbox 100 1945 1139 2004">
     <span class='ocr_line' id='line_1_22' title="bbox 100 1945 1139 2004; baseline -0.003 -13"><span class='ocrx_word' id='word_1_151' title='bbox 100 1947 181 1991; x_wconf 90' lang='lat' dir='ltr'><strong>Ille</strong></span> <span class='ocrx_word' id='word_1_152' title='bbox 208 1947 453 1995; x_wconf 82' lang='lat' dir='ltr'><strong>volutabris</strong></span> <span class='ocrx_word' id='word_1_153' title='bbox 479 1945 637 1990; x_wconf 82' lang='lat' dir='ltr'><strong>fruitur</strong></span> <span class='ocrx_word' id='word_1_154' title='bbox 663 1960 919 2004; x_wconf 87' lang='lat' dir='ltr'><strong>coenoque·,</strong></span> <span class='ocrx_word' id='word_1_155' title='bbox 948 1945 1139 1989; x_wconf 87' lang='lat' dir='ltr'><strong>lutosam</strong></span> 
     </span>
    </p>

    <p class='ocr_par' dir='ltr' id='par_1_8' title="bbox 101 2024 1332 2151">
     <span class='ocr_line' id='line_1_23' title="bbox 101 2024 1332 2083; baseline 0.002 -14"><span class='ocrx_word' id='word_1_156' title='bbox 101 2027 200 2070; x_wconf 87' lang='lat' dir='ltr'><strong>Vix</strong></span> <span class='ocrx_word' id='word_1_157' title='bbox 219 2025 399 2070; x_wconf 88' lang='lat' dir='ltr'><strong>summis</strong></span> <span class='ocrx_word' id='word_1_158' title='bbox 416 2026 510 2071; x_wconf 84' lang='lat' dir='ltr'><strong>haec</strong></span> <span class='ocrx_word' id='word_1_159' title='bbox 528 2026 655 2070; x_wconf 88' lang='lat' dir='ltr'><strong>audet</strong></span> <span class='ocrx_word' id='word_1_160' title='bbox 672 2027 857 2070; x_wconf 88' lang='lat' dir='ltr'><strong>humum</strong></span> <span class='ocrx_word' id='word_1_161' title='bbox 877 2025 1134 2083; x_wconf 82' lang='lat' dir='ltr'><strong>contingere</strong></span> <span class='ocrx_word' id='word_1_162' title='bbox 1151 2024 1332 2082; x_wconf 82' lang='lat' dir='ltr'><strong>plantis.</strong></span> 
     </span>
     <span class='ocr_line' id='line_1_24' title="bbox 103 2102 1059 2151; baseline -0.003 0"><span class='ocrx_word' id='word_1_163' title='bbox 103 2107 292 2151; x_wconf 83' lang='lat' dir='ltr'><strong>Exertos</strong></span> <span class='ocrx_word' id='word_1_164' title='bbox 317 2108 481 2150; x_wconf 84' lang='lat' dir='ltr'><strong>alterna</strong></span> <span class='ocrx_word' id='word_1_165' title='bbox 507 2107 603 2150; x_wconf 86' lang='lat' dir='ltr'><strong>sues</strong></span> <span class='ocrx_word' id='word_1_166' title='bbox 629 2102 677 2149; x_wconf 81' lang='lat' dir='ltr'><strong>in</strong></span> <span class='ocrx_word' id='word_1_167' title='bbox 701 2108 883 2149; x_wconf 79' lang='lat' dir='ltr'><strong>vulnera</strong></span> <span class='ocrx_word' id='word_1_168' title='bbox 909 2106 1059 2149; x_wconf 88' lang='lat' dir='ltr'><strong>dentes</strong></span> 
     </span>
    </p>

    <p class='ocr_par' dir='ltr' id='par_1_9' title="bbox 102 2184 1332 2486">
     <span class='ocr_line' id='line_1_25' title="bbox 102 2184 1230 2244; baseline -0.003 -13"><span class='ocrx_word' id='word_1_169' title='bbox 102 2190 293 2244; x_wconf 86' lang='lat' dir='ltr'><strong>Semper</strong></span> <span class='ocrx_word' id='word_1_170' title='bbox 304 2188 465 2231; x_wconf 86' lang='lat' dir='ltr'><strong>habent</strong></span> <span class='ocrx_word' id='word_1_171' title='bbox 485 2202 497 2231; x_wconf 73' lang='lat' dir='ltr'><strong>t</strong></span> <span class='ocrx_word' id='word_1_172' title='bbox 519 2186 620 2230; x_wconf 82' lang='lat' dir='ltr'><strong>ovis</strong></span> <span class='ocrx_word' id='word_1_173' title='bbox 641 2185 823 2244; x_wconf 82' lang='lat' dir='ltr'><strong>ingenio</strong></span> <span class='ocrx_word' id='word_1_174' title='bbox 843 2185 905 2228; x_wconf 88' lang='lat' dir='ltr'><strong>nil</strong></span> <span class='ocrx_word' id='word_1_175' title='bbox 926 2185 1076 2230; x_wconf 88' lang='lat' dir='ltr'><strong>mitius</strong></span> <span class='ocrx_word' id='word_1_176' title='bbox 1097 2200 1111 2235; x_wconf 93' lang='grc'><strong>·,</strong></span> <span class='ocrx_word' id='word_1_177' title='bbox 1143 2184 1230 2229; x_wconf 67' lang='lat' dir='ltr'><strong>una</strong></span> 
     </span>
     <span class='ocr_line' id='line_1_26' title="bbox 108 2266 1332 2325; baseline -0.003 -12"><span class='ocrx_word' id='word_1_178' title='bbox 108 2267 361 2314; x_wconf 84' lang='lat' dir='ltr'><strong>Gramineis</strong></span> <span class='ocrx_word' id='word_1_179' title='bbox 380 2267 613 2324; x_wconf 86' lang='lat' dir='ltr'><strong>pascuntur</strong></span> <span class='ocrx_word' id='word_1_180' title='bbox 630 2266 745 2325; x_wconf 86' lang='lat' dir='ltr'><strong>agris</strong></span> <span class='ocrx_word' id='word_1_181' title='bbox 763 2299 776 2319; x_wconf 91' lang='lat'>,</span> <span class='ocrx_word' id='word_1_182' title='bbox 797 2267 1095 2323; x_wconf 86' lang='lat' dir='ltr'><strong>glomerantur</strong></span> <span class='ocrx_word' id='word_1_183' title='bbox 1113 2266 1159 2309; x_wconf 89' lang='lat' dir='ltr'><strong>in</strong></span> <span class='ocrx_word' id='word_1_184' title='bbox 1179 2267 1332 2310; x_wconf 87' lang='lat' dir='ltr'><strong>orbem</strong></span> 
     </span>
     <span class='ocr_line' id='line_1_27' title="bbox 108 2346 1264 2405; baseline 0 -14"><span class='ocrx_word' id='word_1_185' title='bbox 108 2348 286 2405; x_wconf 87' lang='lat' dir='ltr'><strong>Spiffius</strong></span> <span class='ocrx_word' id='word_1_186' title='bbox 307 2381 319 2402; x_wconf 89' lang='lat'>,</span> <span class='ocrx_word' id='word_1_187' title='bbox 344 2349 388 2391; x_wconf 91' lang='lat'>&amp;</span> <span class='ocrx_word' id='word_1_188' title='bbox 404 2348 574 2392; x_wconf 87' lang='lat' dir='ltr'><strong>medios</strong></span> <span class='ocrx_word' id='word_1_189' title='bbox 593 2347 668 2392; x_wconf 88' lang='lat' dir='ltr'><strong>ubi</strong></span> <span class='ocrx_word' id='word_1_190' title='bbox 687 2347 856 2393; x_wconf 87' lang='lat' dir='ltr'><strong>denfior</strong></span> <span class='ocrx_word' id='word_1_191' title='bbox 874 2347 1025 2391; x_wconf 89' lang='lat' dir='ltr'><strong>umbra</strong></span> <span class='ocrx_word' id='word_1_192' title='bbox 1043 2361 1121 2403; x_wconf 89' lang='lat' dir='ltr'><strong>per</strong></span> <span class='ocrx_word' id='word_1_193' title='bbox 1141 2346 1264 2391; x_wconf 78' lang='lat' dir='ltr'><strong>aestus</strong></span> 
     </span>
     <span class='ocr_line' id='line_1_28' title="bbox 107 2426 1150 2486; baseline 0 -13"><span class='ocrx_word' id='word_1_194' title='bbox 107 2428 265 2473; x_wconf 81' lang='lat' dir='ltr'><strong>Defuit</strong></span> <span class='ocrx_word' id='word_1_195' title='bbox 283 2461 296 2483; x_wconf 84' lang='lat'>‚</span> <span class='ocrx_word' id='word_1_196' title='bbox 323 2426 501 2473; x_wconf 80' lang='lat' dir='ltr'><strong>alterius</strong></span> <span class='ocrx_word' id='word_1_197' title='bbox 526 2440 656 2486; x_wconf 77' lang='lat' dir='ltr'><strong>caput</strong></span> <span class='ocrx_word' id='word_1_198' title='bbox 679 2430 812 2474; x_wconf 79' lang='lat' dir='ltr'><strong>altera</strong></span> <span class='ocrx_word' id='word_1_199' title='bbox 834 2426 1007 2483; x_wconf 83' lang='lat' dir='ltr'><strong>subjicit</strong></span> <span class='ocrx_word' id='word_1_200' title='bbox 1028 2428 1150 2481; x_wconf 71' lang='lat' dir='ltr'><strong>²va-</strong></span> 
     </span>
    </p>
   </div>
  </div>
 </body>
</html>
