1500 2886
502 223 808 278 LIBER
853 218 950 277 1.-
1228 223 1331 294 31⁴.

65 321 329 384 Agricolas;
359 335 455 366 non
479 323 628 366 omnis
657 320 780 381 enim
805 320 892 366 fert
916 317 1071 364 omnia
1098 319 1247 362 tellus.

66 407 163 463 Ipse
195 407 425 451 Garumna
454 405 534 449 suo
564 407 760 462 populos
789 403 867 462 qui
894 401 1060 459 spectat
1090 400 1139 443 in
1170 411 1276 443 ortu

68 488 330 545 Forcipibus
356 486 512 532 maffas
539 485 736 544 chalybis
765 483 950 528 tractare
978 482 1200 540 liquentes
1221 512 1237 535 ,

68 568 126 612 Et
158 582 336 612 montes
364 567 534 625 aperire
558 581 695 623 cavos
728 580 743 616 ;
775 579 855 622 per
886 564 1048 622 opima
1068 566 1274 613 volutus.

73 649 234 694 Pascua
252 682 264 703 ‚
287 651 364 693 vel
391 645 541 706 preffis
568 647 758 694 solidum
782 648 851 690 lac
879 659 1040 705 cogere
1066 644 1224 688 formis

73 731 305 789 Agricolas
327 713 452 772 videt
470 760 484 781 ‚
502 739 577 771 aut
605 727 754 785 pomis
784 725 943 786 instare
969 726 1160 770 ferendis
1180 741 1193 768 :
1267 709 1269 711 ¹

73 811 302 855 Triticeas
319 807 521 866 posthinc
552 808 720 867 segetes
751 807 973 860 miratur,
1002 819 1196 863 utroque

74 891 192 934 Mox
217 889 530 946 conspecturus
559 888 803 948 gravidas
790 903 840 932 in
863 888 1018 932 littore
1042 887 1177 932 vites.

135 970 365 1029 Quidquid
383 970 496 1024 erit,
522 983 848 1028 quamcumque
867 967 952 1012 tibi
973 968 1096 1026 spem
1114 965 1255 1026 patria
1272 968 1402 1011 tellus

76 1051 278 1101 Fecerit,
310 1049 519 1108 antiquos
547 1051 666 1094 ferro
696 1064 753 1094 ne
778 1049 917 1106 dejice
944 1051 1090 1098 lucos.

77 1133 249 1191 Aspicis
277 1131 436 1176 effoffo
468 1130 597 1176 terris
625 1132 813 1175 carbone
842 1130 1044 1179 Britanni

77 1214 228 1271 Quam
246 1217 360 1258 male
377 1211 617 1257 diffolvuut
635 1212 772 1270 frigus
789 1244 803 1265 ,
825 1209 959 1269 quam
978 1210 1154 1254 ducitur
1173 1224 1287 1269 aegre
1331 1236 1333 1238 -

78 1295 268 1352 Spiritus
295 1310 311 1345 ·‚
338 1292 494 1338 infesto
525 1291 606 1336 nifi
634 1291 952 1336 tabescentibus
969 1291 1085 1349 igne

80 1375 420 1434 Monspelienfis
445 1389 579 1432 opem
606 1374 758 1418 tulerit
787 1373 1074 1431 pulmonibus
1105 1374 1196 1419 aet.

144 1458 345 1502 Circuitu
368 1456 538 1513 majore
556 1469 706 1500 novos
724 1489 737 1506 ,
762 1458 864 1499 urbs
890 1456 1057 1515 inclyta
1075 1489 1088 1510 ,
1108 1470 1261 1501 muros

83 1539 262 1583 Exstrue
280 1555 293 1583 ι
315 1538 530 1583 divitibus
549 1538 754 1587 decorata
772 1535 976 1580 suburbia
994 1537 1124 1580 tectis
1141 1570 1155 1591 ,

84 1622 139 1664 Et
163 1635 276 1678 quos
302 1618 518 1664 Versaliis
546 1617 709 1674 hospes
737 1618 933 1660 laudaret
961 1618 1010 1660 in
1033 1618 1148 1676 agris
1166 1631 1199 1674 ,’
1229 1618 1237 1628 ’

85 1703 205 1746 Hinc
234 1700 359 1745 illinc
387 1698 558 1757 pofitos
588 1698 851 1755 amplectere
881 1700 1102 1743 moenibus
1129 1701 1318 1752 hortos;

86 1784 221 1842 AEgra
250 1781 475 1826 salutifero
504 1781 702 1837 potiatur
728 1792 778 1824 ut
806 1780 906 1824 aere
935 1794 1082 1830 tecum

91 1865 240 1908 Gallia
259 1896 272 1917 ,
301 1878 400 1921 quae
424 1862 598 1906 foculos
626 1876 719 1908 uno
749 1864 936 1906 carbone
963 1863 1221 1908 Britannum

90 1945 207 2001 Mox
231 1945 364 1989 struet
388 1945 442 1990 ad
467 1943 602 1993 ritum
618 1975 631 1996 ,
658 1943 783 2002 ligno
814 1943 1032 1994 caritura3
1055 1946 1296 2003 gravesque

91 2026 276 2076 Hauriet
303 2027 348 2070 &
376 2025 523 2069 fumos
541 2057 554 2078 ‚
586 2025 631 2069 δι
661 2024 807 2074 anheli
836 2024 1002 2074 semina
1028 2025 1205 2076 morbi3

91 2097 152 2153 Ni.
172 2118 355 2150 caveant
374 2107 531 2163 quibus
550 2105 611 2149 est
630 2119 864 2150 nemorum
883 2107 1082 2149 mandata
1101 2106 1306 2162 potestas.

153 2187 374 2233 Victrices
405 2189 564 2245 pelago
593 2200 729 2234 naves
748 2219 761 2240 ‚
790 2187 960 2230 ramosa
989 2186 1147 2230 calenti

94 2269 233 2328 Ligna
250 2270 354 2318 foco
372 2302 385 2322 ‚
406 2269 697 2326 domibusque
716 2270 856 2312 trabes
875 2300 888 2321 ‚
909 2269 952 2311 &
971 2281 1110 2311 aratra
1126 2267 1327 2323 juvencis

97 2349 294 2394 Sufficiat
319 2351 442 2394 lucus
464 2365 478 2400 3
504 2349 578 2394 sed
600 2350 804 2397 Avorum
834 2362 1015 2395 munere.
1042 2362 1165 2393 natas

98 2432 171 2476 Tu
189 2445 369 2491 quoque
387 2431 594 2483 silvam
611 2431 856 2484 transmitte
875 2429 1122 2489 Nepotibus
1140 2433 1336 2478 umbras.-
