1482 2834
501 221 803 283 Ltssan
857 223 997 283 XI.
1224 221 1337 299 269

97 318 412 380 Magnanimos
436 324 491 368 ad
518 325 632 369 bella
654 325 781 370 viros
801 358 814 378 ,
838 340 932 369 non
960 325 1079 383 figna
1101 323 1294 368 ferentes

96 403 246 446 Altera
264 436 279 457 ,
303 404 437 462 quam
466 407 627 449 calices
651 422 666 451 ι
682 406 759 450 illa
784 406 982 449 mercede
1003 404 1204 462 placebat

97 483 169 526 Ire
202 484 332 529 nives
363 486 479 530 inter
503 486 669 531 medias
686 519 699 541 ‚
733 488 778 531 ὃ(
808 486 1017 544 sanguine
1045 486 1144 530 fuso

99 564 122 620 (
142 563 324 610 Praemia
347 567 555 623 militia)
583 568 846 626 generosum
874 579 1070 624 quaerere
1093 564 1250 608 vinum
1267 581 1283 610 t

97 645 241 690 Tanta
266 646 444 706 scyphis
473 647 616 692 inerat
641 648 713 693 vis
741 649 786 691 δι
814 647 1016 691 facundia
1035 646 1205 710 Rlenis.

105 741 111 746 ·
160 727 307 772 Infido
336 742 485 773 tamen
501 762 515 784 ,
546 731 602 773 ah
622 733 634 776 Ξ
657 728 846 773 nimium
869 743 927 773 ne
954 729 1082 772 crede
1109 727 1309 784 liquori:

58 801 61 804 ⁴
101 808 226 854 'Vina
253 810 472 867 repertori
500 824 693 856 nocuere
710 839 724 862 ,
750 810 919 868 suoque
942 809 1145 853 Noiimus

99 890 320 947 Exemplo
343 889 503 936 docuit
530 890 662 935 donis
691 889 938 935 coelestibus
970 888 1039 933 uti

103 970 279 1015 Parcius
295 1003 310 1026 ‚
325 972 375 1015 in
393 972 580 1030 cyathos
599 971 740 1029 ipsam
756 985 899 1028 neque
915 982 1114 1028 mergere
1130 980 1344 1015 mentem.

163 1051 313 1096 Africa
339 1066 447 1111 gens
470 1051 591 1109 capit
615 1051 813 1095 immites
839 1050 1066 1094 dulcedine
1091 1049 1220 1104 vini,

102 1133 229 1191 Quas
256 1147 399 1191 neque
421 1133 574 1177 fraude
596 1133 710 1177 feras
737 1130 886 1189 potuit
915 1143 998 1174 nec
1021 1128 1186 1174 retibus
1208 1129 1314 1176 ullis

102 1216 269 1260 Fallere
289 1230 301 1259 :
328 1228 423 1258 non
444 1213 552 1259 alias
579 1228 704 1258 amor
726 1211 957 1256 infidiosus
985 1211 1039 1254 ad
1063 1221 1178 1254 artes

106 1294 314 1340 Vertitur
331 1326 345 1348 ,
370 1306 422 1338 ut
446 1307 600 1352 captos
623 1294 672 1337 in
697 1293 876 1337 vincula
901 1293 1028 1336 ducat
1053 1302 1268 1341 amantes.

166 1377 238 1420 Tu
264 1390 374 1433 puer
401 1374 606 1432 inprimis
630 1372 900 1418 moderatius
926 1384 1051 1415 utere
1079 1371 1225 1422 vino·‚

103 1458 199 1501 Nec
223 1458 338 1500 mala
361 1458 607 1514 palleatum
630 1454 900 1512 juvenilibus
927 1453 1069 1496 insere
1090 1453 1242 1497 nervis

108 1537 287 1583 Semina
311 1538 571 1582 morborum
586 1569 601 1590 ‚
628 1537 787 1594 quibus
817 1533 1079 1578 affliCtahere
1106 1534 1349 1592 quondamj

107 1619 273 1664 Pocula
302 1619 426 1662 mista
453 1610 548 1662 seni
573 1620 639 1663 fas
668 1617 729 1662 est
755 1615 891 1662 odiffe
909 1649 924 1671 ,
955 1627 1170 1673 meroque

111 1698 329 1755 Corporis
361 1697 484 1741 effeti
512 1698 634 1743 vires
661 1697 855 1742 retinere
883 1697 1091 1756 fugaces3

111 1778 271 1823 Affufis
301 1778 375 1822 sed
397 1790 547 1822 ament
574 1779 700 1835 pueri
727 1777 934 1836 frigentia
956 1769 1155 1835 lymphis

111 1859 233 1911 Vina
250 1892 264 1914 ,
298 1873 380 1903 nec
408 1857 587 1912 adjectis
619 1858 793 1902 irritent
820 1857 996 1915 ignibus
1026 1857 1170 1916 ignes.

176 1940 270 1996 Qui
297 1939 413 1983 diras
442 1939 558 1984 acies
584 1939 629 1983 δι
651 1938 814 1982 Martia
840 1938 954 1982 bella
977 1938 1248 1995 sequunturg

116 2021 345 2066 Musarum
372 2019 450 2077 qui
479 2018 613 2063 castra
639 2020 824 2072 colunt,
849 2018 1020 2062 fallacia
1045 2017 1153 2062 vina

116 2101 375 2148 formident
403 2116 416 2145 ε
442 2114 579 2159 nugas
609 2100 750 2145 Vates
781 2097 927 2142 effutit
955 2097 1093 2141 aniles

115 2183 274 2227 Ebrius
292 2213 306 2235 ‚
326 2192 370 2225 at
396 2192 551 2224 contra
573 2192 704 2237 parce
731 2192 867 2237 quum
892 2191 1027 2234 potus
1054 2179 1107 2221 ad
1131 2192 1249 2223 arma

118 2261 326 2308 Prosiluit
350 2259 529 2305 dicenda
545 2292 559 2312 ‚
584 2259 707 2304 sacro
735 2273 815 2303 ceu
840 2258 1034 2301 Numine
1059 2260 1214 2315 plenus
1233 2289 1249 2313 ,

101 2343 198 2387 Nil
223 2342 410 2387 mortale
438 2341 564 2385 sonat
582 2373 596 2394 ‚
623 2340 771 2399 grandi
797 2340 998 2383 sermone
1023 2339 1099 2382 sed
1120 2342 1234 2384 altos

117 2422 355 2480 Eloquitur
378 2420 526 2465 sensus
549 2419 715 2473 animi,
746 2420 978 2476 secumque
1009 2419 1159 2477 quieta

120 2504 231 2554 Pace
256 2503 406 2552 fruens
421 2534 437 2559 ,
463 2501 550 2550 ciet
575 2502 780 2551 audentes
808 2499 858 2547 in
881 2499 1032 2558 praelia
1058 2501 1248 2547 dextras.
