1482 2834
570 194 622 253 L
637 211 670 254 ι
688 210 735 255 Β
758 212 800 255 ε
819 211 866 255 n
925 195 1011 256 X.
1275 217 1308 258 2
1322 215 1390 279 59

152 293 314 351 Spinea
335 311 347 340 ε
367 295 589 342 Feciniam
603 330 618 353 ‚
638 284 836 344 Rhodias
853 332 868 355 ,
890 297 1163 345 Mareotides
1182 300 1297 344 albas
1314 332 1328 353 ,

153 376 295 419 Caedit
311 409 323 429 ,
350 377 393 420 &
410 377 584 437 Argites
596 408 611 429 ,
631 379 947 439 Psythiamque
964 382 1234 439 brevemque
1252 379 1446 441 Lagaeon

151 457 301 500 Altera
324 460 603 515 comprensas
626 474 782 504 manus
806 460 964 506 attinet
979 493 992 515 ,
1018 463 1152 506 altera
1177 475 1319 507 curvo

154 535 287 580 Colla
311 538 466 596 supina
490 541 606 585 secat
633 542 753 586 ferro
780 558 793 586 ι
819 556 914 587 non
942 543 1135 601 parcitur
1159 544 1273 594 u11i;

151 617 259 659 Non
283 632 440 663 omnes
465 631 614 664 tamen
638 635 728 665 una
752 634 904 667 manet
927 623 1105 681 fortunia
1133 639 1145 668 ε
1171 623 1334 668 calenti

150 697 483 756 Demerguntur
500 699 612 757 aqua
628 733 642 754 ,
662 701 788 758 queis
806 701 1015 760 grandior
1030 701 1222 748 intumet
1238 707 1391 757 alvus

148 778 297 834 Atque
321 791 372 822 ut
395 781 532 838 longa
554 783 708 825 levent
732 781 847 826 olim
871 781 1038 838 ieiunia
1055 815 1068 838 ,
1093 784 1212 830 soles

149 857 219 901 Ad
243 858 419 916 tepidos
446 860 696 913 ficcantur;
722 863 846 922 ‚agris
873 878 967 908 non
990 865 1120 923 pejor
1136 866 1191 910 ‚in
1214 866 1318 925 ipfis

149 936 254 981 Pars
273 939 430 984 teritur
447 941 522 985 sub
540 945 700 988 dente:
719 945 897 989 demum
913 960 1013 1003 pars
1032 947 1170 991 fertur
1186 981 1198 1000 ,
1222 949 1266 992 δε
1284 949 1373 994 alta

149 1019 240 1063 Vel
265 1023 428 1078 pendet
451 1025 572 1068 trabe
588 1056 602 1078 ,
629 1023 842 1069 ficlilibus
866 1028 942 1070 vel
968 1027 1174 1071 conditui·
1197 1028 1320 1076 ollis,

212 1102 310 1145 Uda
335 1103 512 1147 trahunt
537 1103 643 1149 alias
666 1107 721 1151 ad
742 1107 977 1151 calcatoria
1003 1123 1017 1152 ε
1042 1108 1171 1152 nudis

154 1183 249 1224 Stat
273 1183 458 1239 pedibus
473 1217 487 1238 ,
505 1185 704 1243 palisque
729 1201 884 1231 manus
910 1199 1076 1232 armata
1094 1188 1302 1242 iuventus
1318 1206 1335 1241 ς

153 1264 293 1320 Inque
312 1264 498 1308 chorum
515 1267 643 1324 super
659 1267 859 1311 insiliunt
874 1300 889 1321 ,
908 1267 1133 1329 avidoque
1151 1269 1366 1317 fluentem

152 1345 176 1389 J
181 1358 251 1387 am
277 1356 434 1402 potant
457 1346 610 1391 animo
632 1346 838 1402 laticem,
856 1348 1093 1406 merfisque
1117 1349 1289 1396 bibaces

154 1424 363 1471 Delibant
389 1425 541 1488 digitis
559 1459 573 1484 ,
600 1428 646 1475 δι
669 1427 719 1473 in
742 1441 885 1474 annua
907 1430 1069 1490 pocula
1093 1429 1287 1480 servant.
