<?xml version="1.0" encoding="UTF-8"?>
<!DOCTYPE html PUBLIC "-//W3C//DTD XHTML 1.0 Transitional//EN"
    "http://www.w3.org/TR/xhtml1/DTD/xhtml1-transitional.dtd">
<html xmlns="http://www.w3.org/1999/xhtml" xml:lang="en" lang="en">
 <head>
  <title>
</title>
<meta http-equiv="Content-Type" content="text/html;charset=utf-8" />
  <meta name='ocr-system' content='tesseract 3.04.00' />
  <meta name='ocr-capabilities' content='ocr_page ocr_carea ocr_par ocr_line ocrx_word'/>
</head>
<body>
  <div class='ocr_page' id='page_1' title='image "./praediumrusticum00vaniuoft_0242.png"; bbox 0 0 1482 2834; ppageno 0'>
   <div class='ocr_carea' id='block_1_1' title="bbox 131 240 1119 320">
    <p class='ocr_par' dir='ltr' id='par_1_1' title="bbox 131 240 1119 320">
     <span class='ocr_line' id='line_1_1' title="bbox 131 240 1119 320; baseline -0.001 -20"><span class='ocrx_word' id='word_1_1' title='bbox 131 240 246 320; x_wconf 77' lang='lat'>218</span> <span class='ocrx_word' id='word_1_2' title='bbox 370 243 701 298; x_wconf 75' lang='lat' dir='ltr'><em>PRAEDIJ</em></span> <span class='ocrx_word' id='word_1_3' title='bbox 748 242 1119 299; x_wconf 75' lang='lat' dir='ltr'>Rvsrtct</span> 
     </span>
    </p>
   </div>
   <div class='ocr_carea' id='block_1_2' title="bbox 125 342 1370 2508">
    <p class='ocr_par' dir='ltr' id='par_1_2' title="bbox 125 342 1295 640">
     <span class='ocr_line' id='line_1_2' title="bbox 125 342 1295 402; baseline -0.002 -15"><span class='ocrx_word' id='word_1_4' title='bbox 125 345 220 387; x_wconf 85' lang='lat' dir='ltr'>Nec</span> <span class='ocrx_word' id='word_1_5' title='bbox 247 343 409 387; x_wconf 82' lang='lat' dir='ltr'>Boreas</span> <span class='ocrx_word' id='word_1_6' title='bbox 438 343 603 402; x_wconf 86' lang='lat' dir='ltr'>affliget</span> <span class='ocrx_word' id='word_1_7' title='bbox 629 345 728 388; x_wconf 88' lang='lat' dir='ltr'>olus</span> <span class='ocrx_word' id='word_1_8' title='bbox 748 376 763 398; x_wconf 84' lang='lat'>,</span> <span class='ocrx_word' id='word_1_9' title='bbox 791 343 823 387; x_wconf 88' lang='lat' dir='ltr'>fi</span> <span class='ocrx_word' id='word_1_10' title='bbox 847 344 962 388; x_wconf 88' lang='lat' dir='ltr'>colle</span> <span class='ocrx_word' id='word_1_11' title='bbox 989 343 1065 386; x_wconf 77' lang='lat' dir='ltr'>sub</span> <span class='ocrx_word' id='word_1_12' title='bbox 1090 342 1182 385; x_wconf 86' lang='lat' dir='ltr'>alto</span> <span class='ocrx_word' id='word_1_13' title='bbox 1232 387 1236 392; x_wconf 72' lang='grc'><em>,</em></span> <span class='ocrx_word' id='word_1_14' title='bbox 1290 350 1295 354; x_wconf 72' lang='grc'><em>’</em></span> 
     </span>
     <span class='ocr_line' id='line_1_3' title="bbox 125 421 1249 483; baseline 0 -16"><span class='ocrx_word' id='word_1_15' title='bbox 125 423 331 467; x_wconf 85' lang='lat' dir='ltr'>Molliter</span> <span class='ocrx_word' id='word_1_16' title='bbox 355 424 409 468; x_wconf 91' lang='lat' dir='ltr'>ad</span> <span class='ocrx_word' id='word_1_17' title='bbox 432 423 607 481; x_wconf 89' lang='lat' dir='ltr'>tepidos</span> <span class='ocrx_word' id='word_1_18' title='bbox 633 439 732 483; x_wconf 87' lang='lat' dir='ltr'>ager</span> <span class='ocrx_word' id='word_1_19' title='bbox 757 423 1038 468; x_wconf 78' lang='lat' dir='ltr'>inclinabitur</span> <span class='ocrx_word' id='word_1_20' title='bbox 1062 421 1249 467; x_wconf 67' lang='lat' dir='ltr'>austrosi</span> 
     </span>
     <span class='ocr_line' id='line_1_4' title="bbox 126 502 1257 550; baseline 0 -3"><span class='ocrx_word' id='word_1_21' title='bbox 126 504 254 548; x_wconf 87' lang='lat' dir='ltr'>Nuda</span> <span class='ocrx_word' id='word_1_22' title='bbox 277 504 330 548; x_wconf 84' lang='lat' dir='ltr'>fit</span> <span class='ocrx_word' id='word_1_23' title='bbox 355 505 581 550; x_wconf 85' lang='lat' dir='ltr'>arboribus</span> <span class='ocrx_word' id='word_1_24' title='bbox 605 509 735 550; x_wconf 80' lang='lat' dir='ltr'>tellus</span> <span class='ocrx_word' id='word_1_25' title='bbox 761 522 773 550; x_wconf 87' lang='lat'>:</span> <span class='ocrx_word' id='word_1_26' title='bbox 798 505 1083 550; x_wconf 78' lang='lat' dir='ltr'>vernantibus</span> <span class='ocrx_word' id='word_1_27' title='bbox 1110 502 1257 548; x_wconf 81' lang='lat' dir='ltr'>herbis</span> 
     </span>
     <span class='ocr_line' id='line_1_5' title="bbox 126 584 1158 640; baseline 0.002 -12"><span class='ocrx_word' id='word_1_28' title='bbox 126 585 230 629; x_wconf 87' lang='lat' dir='ltr'>Una</span> <span class='ocrx_word' id='word_1_29' title='bbox 254 585 493 632; x_wconf 90' lang='lat' dir='ltr'>laborantis</span> <span class='ocrx_word' id='word_1_30' title='bbox 524 601 617 631; x_wconf 90' lang='lat' dir='ltr'>non</span> <span class='ocrx_word' id='word_1_31' title='bbox 643 587 781 630; x_wconf 85' lang='lat' dir='ltr'>officit</span> <span class='ocrx_word' id='word_1_32' title='bbox 808 588 960 639; x_wconf 77' lang='lat' dir='ltr'>umbra</span> <span class='ocrx_word' id='word_1_33' title='bbox 987 584 1158 640; x_wconf 79' lang='lat' dir='ltr'>coloni.</span> 
     </span>
    </p>

    <p class='ocr_par' dir='ltr' id='par_1_3' title="bbox 128 666 1263 1132">
     <span class='ocr_line' id='line_1_6' title="bbox 189 666 1214 726; baseline -0.001 -16"><span class='ocrx_word' id='word_1_34' title='bbox 189 666 388 712; x_wconf 82' lang='lat' dir='ltr'>Maturas</span> <span class='ocrx_word' id='word_1_35' title='bbox 416 667 563 713; x_wconf 82' lang='lat' dir='ltr'>aestiva</span> <span class='ocrx_word' id='word_1_36' title='bbox 586 670 740 726; x_wconf 86' lang='lat' dir='ltr'>procul</span> <span class='ocrx_word' id='word_1_37' title='bbox 770 674 881 712; x_wconf 81' lang='lat' dir='ltr'>terat</span> <span class='ocrx_word' id='word_1_38' title='bbox 909 681 1007 711; x_wconf 88' lang='lat' dir='ltr'>area</span> <span class='ocrx_word' id='word_1_39' title='bbox 1030 667 1177 724; x_wconf 86' lang='lat' dir='ltr'>fruges</span> <span class='ocrx_word' id='word_1_40' title='bbox 1196 679 1214 715; x_wconf 73' lang='lat'>3</span> 
     </span>
     <span class='ocr_line' id='line_1_7' title="bbox 128 746 1168 806; baseline 0 -15"><span class='ocrx_word' id='word_1_41' title='bbox 128 746 308 791; x_wconf 83' lang='lat' dir='ltr'>Infestas</span> <span class='ocrx_word' id='word_1_42' title='bbox 335 749 448 793; x_wconf 87' lang='lat' dir='ltr'>oleri</span> <span class='ocrx_word' id='word_1_43' title='bbox 474 752 618 806; x_wconf 86' lang='lat' dir='ltr'>paleas</span> <span class='ocrx_word' id='word_1_44' title='bbox 645 763 699 792; x_wconf 88' lang='lat' dir='ltr'>ne</span> <span class='ocrx_word' id='word_1_45' title='bbox 724 761 885 793; x_wconf 86' lang='lat' dir='ltr'>ventus</span> <span class='ocrx_word' id='word_1_46' title='bbox 910 749 957 791; x_wconf 89' lang='lat' dir='ltr'>in</span> <span class='ocrx_word' id='word_1_47' title='bbox 985 749 1168 792; x_wconf 82' lang='lat' dir='ltr'>hortum</span> 
     </span>
     <span class='ocr_line' id='line_1_8' title="bbox 129 829 1262 889; baseline 0.001 -15"><span class='ocrx_word' id='word_1_48' title='bbox 129 829 313 874; x_wconf 88' lang='lat' dir='ltr'>Deferat</span> <span class='ocrx_word' id='word_1_49' title='bbox 330 862 343 884; x_wconf 87' lang='lat'>,</span> <span class='ocrx_word' id='word_1_50' title='bbox 371 830 414 875; x_wconf 87' lang='lat'>&amp;</span> <span class='ocrx_word' id='word_1_51' title='bbox 437 843 565 875; x_wconf 84' lang='lat' dir='ltr'>moto</span> <span class='ocrx_word' id='word_1_52' title='bbox 584 831 843 889; x_wconf 81' lang='lat' dir='ltr'>conspergat</span> <span class='ocrx_word' id='word_1_53' title='bbox 860 831 1044 888; x_wconf 69' lang='lat' dir='ltr'>pulvere</span> <span class='ocrx_word' id='word_1_54' title='bbox 1069 829 1262 886; x_wconf 62' lang='lat' dir='ltr'>plantati</span> 
     </span>
     <span class='ocr_line' id='line_1_9' title="bbox 130 911 1112 971; baseline -0.002 -15"><span class='ocrx_word' id='word_1_55' title='bbox 130 912 201 957; x_wconf 86' lang='lat' dir='ltr'>Ne</span> <span class='ocrx_word' id='word_1_56' title='bbox 229 911 353 971; x_wconf 83' lang='lat' dir='ltr'>pigra</span> <span class='ocrx_word' id='word_1_57' title='bbox 378 911 540 962; x_wconf 84' lang='lat' dir='ltr'>vicinis</span> <span class='ocrx_word' id='word_1_58' title='bbox 566 913 704 957; x_wconf 81' lang='lat' dir='ltr'>foedas</span> <span class='ocrx_word' id='word_1_59' title='bbox 733 912 906 956; x_wconf 89' lang='lat' dir='ltr'>imitata</span> <span class='ocrx_word' id='word_1_60' title='bbox 930 912 1112 969; x_wconf 81' lang='lat' dir='ltr'>paludes</span> 
     </span>
     <span class='ocr_line' id='line_1_10' title="bbox 131 989 1263 1051; baseline -0.002 -14"><span class='ocrx_word' id='word_1_61' title='bbox 131 994 330 1051; x_wconf 84' lang='lat' dir='ltr'>Torpeat</span> <span class='ocrx_word' id='word_1_62' title='bbox 347 995 460 1045; x_wconf 79' lang='lat' dir='ltr'>unda</span> <span class='ocrx_word' id='word_1_63' title='bbox 479 993 591 1038; x_wconf 86' lang='lat' dir='ltr'>locis</span> <span class='ocrx_word' id='word_1_64' title='bbox 612 1009 626 1044; x_wconf 89' lang='lat'>·,</span> <span class='ocrx_word' id='word_1_65' title='bbox 655 991 837 1036; x_wconf 86' lang='lat' dir='ltr'>inimica</span> <span class='ocrx_word' id='word_1_66' title='bbox 855 992 1097 1039; x_wconf 84' lang='lat' dir='ltr'>nitentibus</span> <span class='ocrx_word' id='word_1_67' title='bbox 1113 989 1263 1045; x_wconf 80' lang='lat' dir='ltr'>herbis</span> 
     </span>
     <span class='ocr_line' id='line_1_11' title="bbox 133 1072 1172 1132; baseline 0.001 -15"><span class='ocrx_word' id='word_1_68' title='bbox 133 1074 293 1132; x_wconf 85' lang='lat' dir='ltr'>Stagna</span> <span class='ocrx_word' id='word_1_69' title='bbox 317 1073 549 1117; x_wconf 81' lang='lat' dir='ltr'>calescenti</span> <span class='ocrx_word' id='word_1_70' title='bbox 576 1085 784 1130; x_wconf 84' lang='lat' dir='ltr'>generant</span> <span class='ocrx_word' id='word_1_71' title='bbox 814 1072 1019 1117; x_wconf 76' lang='lat' dir='ltr'>animalia</span> <span class='ocrx_word' id='word_1_72' title='bbox 1042 1072 1172 1119; x_wconf 85' lang='lat' dir='ltr'>limo.</span> 
     </span>
    </p>

    <p class='ocr_par' dir='ltr' id='par_1_4' title="bbox 194 1153 1129 1214">
     <span class='ocr_line' id='line_1_12' title="bbox 194 1153 1129 1214; baseline -0.002 -14"><span class='ocrx_word' id='word_1_73' title='bbox 194 1155 243 1200; x_wconf 87' lang='lat' dir='ltr'>Si</span> <span class='ocrx_word' id='word_1_74' title='bbox 266 1155 506 1214; x_wconf 60' lang='lat' dir='ltr'>vectigales</span> <span class='ocrx_word' id='word_1_75' title='bbox 531 1153 673 1198; x_wconf 79' lang='lat' dir='ltr'>amnis</span> <span class='ocrx_word' id='word_1_76' title='bbox 699 1153 928 1205; x_wconf 70' lang='lat' dir='ltr'>devexerit</span> <span class='ocrx_word' id='word_1_77' title='bbox 954 1155 1090 1198; x_wconf 82' lang='lat' dir='ltr'>undas</span> <span class='ocrx_word' id='word_1_78' title='bbox 1111 1168 1129 1204; x_wconf 79' lang='lat'>⁶,</span> 
     </span>
    </p>

    <p class='ocr_par' dir='ltr' id='par_1_5' title="bbox 134 1234 1370 1857">
     <span class='ocr_line' id='line_1_13' title="bbox 136 1234 1207 1294; baseline -0.003 -13"><span class='ocrx_word' id='word_1_79' title='bbox 136 1237 279 1294; x_wconf 89' lang='lat' dir='ltr'>Seque</span> <span class='ocrx_word' id='word_1_80' title='bbox 297 1268 310 1290; x_wconf 91' lang='lat'>‚</span> <span class='ocrx_word' id='word_1_81' title='bbox 343 1235 433 1280; x_wconf 91' lang='lat' dir='ltr'>loci</span> <span class='ocrx_word' id='word_1_82' title='bbox 458 1235 569 1279; x_wconf 67' lang='lat' dir='ltr'>mira</span> <span class='ocrx_word' id='word_1_83' title='bbox 593 1247 743 1291; x_wconf 84' lang='lat' dir='ltr'>captus</span> <span class='ocrx_word' id='word_1_84' title='bbox 767 1234 994 1279; x_wconf 85' lang='lat' dir='ltr'>dulcedine</span> <span class='ocrx_word' id='word_1_85' title='bbox 1015 1267 1028 1289; x_wconf 86' lang='lat'>‚</span> <span class='ocrx_word' id='word_1_86' title='bbox 1054 1236 1207 1292; x_wconf 79' lang='lat' dir='ltr'>plures</span> 
     </span>
     <span class='ocr_line' id='line_1_14' title="bbox 134 1316 1264 1374; baseline -0.004 -13"><span class='ocrx_word' id='word_1_87' title='bbox 134 1317 321 1362; x_wconf 87' lang='lat' dir='ltr'>Dividat</span> <span class='ocrx_word' id='word_1_88' title='bbox 341 1317 390 1367; x_wconf 81' lang='lat' dir='ltr'>in</span> <span class='ocrx_word' id='word_1_89' title='bbox 410 1316 534 1361; x_wconf 85' lang='lat' dir='ltr'>rivos</span> <span class='ocrx_word' id='word_1_90' title='bbox 555 1349 568 1370; x_wconf 92' lang='lat'>‚</span> <span class='ocrx_word' id='word_1_91' title='bbox 596 1328 784 1374; x_wconf 87' lang='lat' dir='ltr'>totoque</span> <span class='ocrx_word' id='word_1_92' title='bbox 803 1317 1075 1373; x_wconf 77' lang='lat' dir='ltr'>perambulet</span> <span class='ocrx_word' id='word_1_93' title='bbox 1093 1316 1228 1369; x_wconf 83' lang='lat' dir='ltr'>horto</span> <span class='ocrx_word' id='word_1_94' title='bbox 1247 1329 1264 1365; x_wconf 86' lang='lat'>;</span> 
     </span>
     <span class='ocr_line' id='line_1_15' title="bbox 136 1392 1338 1456; baseline -0.004 -13"><span class='ocrx_word' id='word_1_95' title='bbox 136 1400 275 1444; x_wconf 88' lang='lat' dir='ltr'>Solve</span> <span class='ocrx_word' id='word_1_96' title='bbox 303 1412 475 1443; x_wconf 83' lang='lat' dir='ltr'>memor</span> <span class='ocrx_word' id='word_1_97' title='bbox 499 1395 677 1456; x_wconf 85' lang='lat' dir='ltr'>Superis</span> <span class='ocrx_word' id='word_1_98' title='bbox 705 1409 830 1450; x_wconf 84' lang='lat' dir='ltr'>tanto</span> <span class='ocrx_word' id='word_1_99' title='bbox 858 1411 940 1452; x_wconf 87' lang='lat' dir='ltr'>pro</span> <span class='ocrx_word' id='word_1_100' title='bbox 967 1392 1148 1450; x_wconf 78' lang='lat' dir='ltr'>munere</span> <span class='ocrx_word' id='word_1_101' title='bbox 1175 1401 1338 1453; x_wconf 60' lang='lat' dir='ltr'>grates.¹</span> 
     </span>
     <span class='ocr_line' id='line_1_16' title="bbox 135 1476 1299 1533; baseline -0.003 -9"><span class='ocrx_word' id='word_1_102' title='bbox 135 1482 195 1524; x_wconf 86' lang='lat' dir='ltr'>At</span> <span class='ocrx_word' id='word_1_103' title='bbox 220 1479 252 1523; x_wconf 86' lang='lat' dir='ltr'>fi</span> <span class='ocrx_word' id='word_1_104' title='bbox 279 1492 360 1524; x_wconf 88' lang='lat' dir='ltr'>nec</span> <span class='ocrx_word' id='word_1_105' title='bbox 384 1478 533 1522; x_wconf 85' lang='lat' dir='ltr'>medio</span> <span class='ocrx_word' id='word_1_106' title='bbox 559 1479 660 1522; x_wconf 85' lang='lat' dir='ltr'>fons</span> <span class='ocrx_word' id='word_1_107' title='bbox 685 1476 893 1533; x_wconf 84' lang='lat' dir='ltr'>obstrepit</span> <span class='ocrx_word' id='word_1_108' title='bbox 917 1478 1034 1520; x_wconf 84' lang='lat' dir='ltr'>ullus</span> <span class='ocrx_word' id='word_1_109' title='bbox 1058 1476 1107 1519; x_wconf 91' lang='lat' dir='ltr'>in</span> <span class='ocrx_word' id='word_1_110' title='bbox 1131 1477 1265 1520; x_wconf 88' lang='lat' dir='ltr'>horto</span> <span class='ocrx_word' id='word_1_111' title='bbox 1284 1507 1299 1529; x_wconf 85' lang='lat'>‚</span> 
     </span>
     <span class='ocr_line' id='line_1_17' title="bbox 136 1556 1328 1617; baseline -0.004 -13"><span class='ocrx_word' id='word_1_112' title='bbox 136 1562 231 1604; x_wconf 89' lang='lat' dir='ltr'>Nec</span> <span class='ocrx_word' id='word_1_113' title='bbox 247 1561 402 1617; x_wconf 87' lang='lat' dir='ltr'>procul</span> <span class='ocrx_word' id='word_1_114' title='bbox 420 1558 524 1602; x_wconf 85' lang='lat' dir='ltr'>hinc</span> <span class='ocrx_word' id='word_1_115' title='bbox 542 1557 640 1601; x_wconf 88' lang='lat' dir='ltr'>aliis</span> <span class='ocrx_word' id='word_1_116' title='bbox 660 1557 786 1601; x_wconf 85' lang='lat' dir='ltr'>venit</span> <span class='ocrx_word' id='word_1_117' title='bbox 805 1559 974 1611; x_wconf 78' lang='lat' dir='ltr'>advena</span> <span class='ocrx_word' id='word_1_118' title='bbox 994 1557 1115 1610; x_wconf 83' lang='lat' dir='ltr'>rivus</span> <span class='ocrx_word' id='word_1_119' title='bbox 1132 1558 1185 1601; x_wconf 90' lang='lat' dir='ltr'>ab</span> <span class='ocrx_word' id='word_1_120' title='bbox 1202 1556 1293 1600; x_wconf 89' lang='lat' dir='ltr'>oris</span> <span class='ocrx_word' id='word_1_121' title='bbox 1309 1571 1328 1608; x_wconf 88' lang='lat'>·,</span> 
     </span>
     <span class='ocr_line' id='line_1_18' title="bbox 141 1638 1291 1697; baseline -0.003 -12"><span class='ocrx_word' id='word_1_122' title='bbox 141 1643 277 1697; x_wconf 84' lang='lat' dir='ltr'>Quod</span> <span class='ocrx_word' id='word_1_123' title='bbox 306 1638 498 1697; x_wconf 88' lang='lat' dir='ltr'>superest</span> <span class='ocrx_word' id='word_1_124' title='bbox 522 1638 675 1682; x_wconf 92' lang='lat' dir='ltr'>Olitor</span> <span class='ocrx_word' id='word_1_125' title='bbox 699 1650 823 1691; x_wconf 76' lang='lat' dir='ltr'>tetrae</span> <span class='ocrx_word' id='word_1_126' title='bbox 851 1651 959 1682; x_wconf 83' lang='lat' dir='ltr'>cava</span> <span class='ocrx_word' id='word_1_127' title='bbox 982 1638 1150 1693; x_wconf 68' lang='lat' dir='ltr'>viscera</span> <span class='ocrx_word' id='word_1_128' title='bbox 1173 1639 1291 1682; x_wconf 82' lang='lat' dir='ltr'>ferro</span> 
     </span>
     <span class='ocr_line' id='line_1_19' title="bbox 139 1705 1370 1779; baseline -0.002 -14"><span class='ocrx_word' id='word_1_129' title='bbox 139 1723 302 1766; x_wconf 87' lang='lat' dir='ltr'>Tentet</span> <span class='ocrx_word' id='word_1_130' title='bbox 323 1754 335 1774; x_wconf 91' lang='lat'>,</span> <span class='ocrx_word' id='word_1_131' title='bbox 369 1722 412 1771; x_wconf 66' lang='grc' dir='ltr'>,δι</span> <span class='ocrx_word' id='word_1_132' title='bbox 435 1719 640 1772; x_wconf 81' lang='lat' dir='ltr'>uberibus</span> <span class='ocrx_word' id='word_1_133' title='bbox 665 1717 954 1776; x_wconf 63' lang='lat' dir='ltr'>circumpluet</span> <span class='ocrx_word' id='word_1_134' title='bbox 977 1705 1170 1777; x_wconf 65' lang='lat' dir='ltr'>undique</span> <span class='ocrx_word' id='word_1_135' title='bbox 1194 1717 1331 1778; x_wconf 65' lang='lat' dir='ltr'>guttis</span> <span class='ocrx_word' id='word_1_136' title='bbox 1352 1726 1370 1779; x_wconf 62' lang='grc' dir='ltr'>ξ’</span> 
     </span>
     <span class='ocr_line' id='line_1_20' title="bbox 139 1802 1196 1857; baseline -0.003 -11"><span class='ocrx_word' id='word_1_137' title='bbox 139 1803 204 1846; x_wconf 84' lang='lat' dir='ltr'>Ac</span> <span class='ocrx_word' id='word_1_138' title='bbox 230 1804 354 1846; x_wconf 88' lang='lat' dir='ltr'>mulo</span> <span class='ocrx_word' id='word_1_139' title='bbox 378 1802 582 1850; x_wconf 76' lang='lat' dir='ltr'>versante</span> <span class='ocrx_word' id='word_1_140' title='bbox 608 1812 726 1844; x_wconf 84' lang='lat' dir='ltr'>totas</span> <span class='ocrx_word' id='word_1_141' title='bbox 752 1814 831 1857; x_wconf 84' lang='lat' dir='ltr'>per</span> <span class='ocrx_word' id='word_1_142' title='bbox 851 1813 1001 1853; x_wconf 63' lang='lat' dir='ltr'>mutua</span> <span class='ocrx_word' id='word_1_143' title='bbox 1026 1814 1163 1854; x_wconf 71' lang='lat' dir='ltr'>nexas</span> <span class='ocrx_word' id='word_1_144' title='bbox 1179 1831 1196 1854; x_wconf 78' lang='grc'><strong>,</strong></span> 
     </span>
    </p>

    <p class='ocr_par' dir='ltr' id='par_1_6' title="bbox 139 1880 1176 1936">
     <span class='ocr_line' id='line_1_21' title="bbox 139 1880 1176 1936; baseline 0 -9"><span class='ocrx_word' id='word_1_145' title='bbox 139 1885 248 1927; x_wconf 81' lang='lat' dir='ltr'>Non</span> <span class='ocrx_word' id='word_1_146' title='bbox 273 1883 398 1936; x_wconf 71' lang='lat' dir='ltr'>labor</span> <span class='ocrx_word' id='word_1_147' title='bbox 425 1881 487 1934; x_wconf 78' lang='lat' dir='ltr'>est</span> <span class='ocrx_word' id='word_1_148' title='bbox 514 1881 608 1933; x_wconf 71' lang='lat' dir='ltr'>imo</span> <span class='ocrx_word' id='word_1_149' title='bbox 633 1880 788 1934; x_wconf 72' lang='lat' dir='ltr'>latices</span> <span class='ocrx_word' id='word_1_150' title='bbox 813 1883 996 1935; x_wconf 72' lang='lat' dir='ltr'>educere</span> <span class='ocrx_word' id='word_1_151' title='bbox 1019 1881 1176 1935; x_wconf 64' lang='lat' dir='ltr'>fund?-</span> 
     </span>
    </p>

    <p class='ocr_par' dir='ltr' id='par_1_7' title="bbox 140 1961 1343 2508">
     <span class='ocr_line' id='line_1_22' title="bbox 200 1961 1328 2024; baseline -0.002 -15"><span class='ocrx_word' id='word_1_152' title='bbox 200 1966 270 2009; x_wconf 87' lang='lat' dir='ltr'>Ne</span> <span class='ocrx_word' id='word_1_153' title='bbox 297 1963 477 2024; x_wconf 81' lang='lat' dir='ltr'>gravior</span> <span class='ocrx_word' id='word_1_154' title='bbox 500 1962 711 2012; x_wconf 62' lang='lat' dir='ltr'>fossorum</span> <span class='ocrx_word' id='word_1_155' title='bbox 740 1963 906 2016; x_wconf 69' lang='lat' dir='ltr'>animas</span> <span class='ocrx_word' id='word_1_156' title='bbox 932 1973 1196 2019; x_wconf 60' lang='lat' dir='ltr'>extorqueat</span> <span class='ocrx_word' id='word_1_157' title='bbox 1221 1961 1328 2017; x_wconf 58' lang='lat' dir='ltr'>ae‘rss</span> 
     </span>
     <span class='ocr_line' id='line_1_23' title="bbox 140 2042 1343 2102; baseline -0.002 -12"><span class='ocrx_word' id='word_1_158' title='bbox 140 2046 394 2093; x_wconf 75' lang='lat' dir='ltr'>Accendant</span> <span class='ocrx_word' id='word_1_159' title='bbox 417 2043 604 2102; x_wconf 78' lang='lat' dir='ltr'>pingues</span> <span class='ocrx_word' id='word_1_160' title='bbox 629 2056 764 2100; x_wconf 83' lang='lat' dir='ltr'>opera</span> <span class='ocrx_word' id='word_1_161' title='bbox 788 2043 904 2087; x_wconf 89' lang='lat' dir='ltr'>inter</span> <span class='ocrx_word' id='word_1_162' title='bbox 929 2042 1081 2100; x_wconf 76' lang='lat' dir='ltr'>iniqua</span> <span class='ocrx_word' id='word_1_163' title='bbox 1106 2045 1343 2097; x_wconf 69' lang='lat' dir='ltr'>1ucernas‚&#39;</span> 
     </span>
     <span class='ocr_line' id='line_1_24' title="bbox 141 2123 1312 2182; baseline -0.005 -10"><span class='ocrx_word' id='word_1_164' title='bbox 141 2127 199 2171; x_wconf 82' lang='lat' dir='ltr'>Et</span> <span class='ocrx_word' id='word_1_165' title='bbox 224 2127 332 2171; x_wconf 81' lang='lat' dir='ltr'>vitae</span> <span class='ocrx_word' id='word_1_166' title='bbox 358 2137 556 2173; x_wconf 84' lang='lat' dir='ltr'>metuant</span> <span class='ocrx_word' id='word_1_167' title='bbox 575 2157 588 2178; x_wconf 81' lang='lat'><strong>‚</strong></span> <span class='ocrx_word' id='word_1_168' title='bbox 618 2137 752 2181; x_wconf 87' lang='lat' dir='ltr'>quum</span> <span class='ocrx_word' id='word_1_169' title='bbox 779 2123 952 2180; x_wconf 76' lang='lat' dir='ltr'>pestifer</span> <span class='ocrx_word' id='word_1_170' title='bbox 977 2123 1138 2177; x_wconf 68' lang='lat' dir='ltr'>halitus</span> <span class='ocrx_word' id='word_1_171' title='bbox 1165 2123 1312 2182; x_wconf 84' lang='lat' dir='ltr'>ignem</span> 
     </span>
     <span class='ocr_line' id='line_1_25' title="bbox 143 2203 1259 2264; baseline -0.005 -12"><span class='ocrx_word' id='word_1_172' title='bbox 143 2207 352 2252; x_wconf 85' lang='lat' dir='ltr'>Protinus</span> <span class='ocrx_word' id='word_1_173' title='bbox 375 2204 599 2264; x_wconf 81' lang='lat' dir='ltr'>extinguit</span> <span class='ocrx_word' id='word_1_174' title='bbox 623 2220 635 2248; x_wconf 73' lang='grc' dir='ltr'><strong><em>ε</em></strong></span> <span class='ocrx_word' id='word_1_175' title='bbox 665 2203 846 2253; x_wconf 73' lang='lat' dir='ltr'>directas</span> <span class='ocrx_word' id='word_1_176' title='bbox 870 2203 1065 2261; x_wconf 79' lang='lat' dir='ltr'>undique</span> <span class='ocrx_word' id='word_1_177' title='bbox 1093 2203 1259 2257; x_wconf 83' lang='lat' dir='ltr'>circum</span> 
     </span>
     <span class='ocr_line' id='line_1_26' title="bbox 144 2284 1270 2343; baseline -0.002 -11"><span class='ocrx_word' id='word_1_178' title='bbox 144 2290 213 2332; x_wconf 77' lang='lat' dir='ltr'>Ad</span> <span class='ocrx_word' id='word_1_179' title='bbox 232 2291 367 2333; x_wconf 84' lang='lat' dir='ltr'>latera</span> <span class='ocrx_word' id='word_1_180' title='bbox 387 2287 597 2342; x_wconf 84' lang='lat' dir='ltr'>objiciant</span> <span class='ocrx_word' id='word_1_181' title='bbox 622 2286 785 2329; x_wconf 87' lang='lat' dir='ltr'>tabulas</span> <span class='ocrx_word' id='word_1_182' title='bbox 803 2300 815 2333; x_wconf 87' lang='grc'>·,</span> <span class='ocrx_word' id='word_1_183' title='bbox 839 2299 944 2341; x_wconf 82' lang='lat' dir='ltr'>quas</span> <span class='ocrx_word' id='word_1_184' title='bbox 965 2285 1110 2343; x_wconf 81' lang='lat' dir='ltr'>lignea</span> <span class='ocrx_word' id='word_1_185' title='bbox 1128 2284 1270 2330; x_wconf 60' lang='lat' dir='ltr'>vectis</span> 
     </span>
     <span class='ocr_line' id='line_1_27' title="bbox 144 2365 1181 2417; baseline -0.005 -4"><span class='ocrx_word' id='word_1_186' title='bbox 144 2369 360 2414; x_wconf 85' lang='lat' dir='ltr'>Sustineat</span> <span class='ocrx_word' id='word_1_187' title='bbox 383 2368 657 2417; x_wconf 89' lang='lat' dir='ltr'>transversa·,</span> <span class='ocrx_word' id='word_1_188' title='bbox 682 2366 779 2410; x_wconf 83' lang='lat' dir='ltr'>solo</span> <span class='ocrx_word' id='word_1_189' title='bbox 803 2366 1010 2413; x_wconf 82' lang='lat' dir='ltr'>conclusa</span> <span class='ocrx_word' id='word_1_190' title='bbox 1033 2365 1181 2410; x_wconf 79' lang='lat' dir='ltr'>ruenti</span> 
     </span>
     <span class='ocr_line' id='line_1_28' title="bbox 146 2445 1208 2508; baseline -0.004 -12"><span class='ocrx_word' id='word_1_191' title='bbox 146 2451 350 2508; x_wconf 76' lang='lat' dir='ltr'>Corpora</span> <span class='ocrx_word' id='word_1_192' title='bbox 373 2463 430 2496; x_wconf 79' lang='lat' dir='ltr'>ne</span> <span class='ocrx_word' id='word_1_193' title='bbox 455 2447 566 2495; x_wconf 82' lang='lat' dir='ltr'>tristi</span> <span class='ocrx_word' id='word_1_194' title='bbox 590 2449 807 2493; x_wconf 84' lang='lat' dir='ltr'>donentur</span> <span class='ocrx_word' id='word_1_195' title='bbox 830 2445 940 2497; x_wconf 80' lang='lat' dir='ltr'>viva</span> <span class='ocrx_word' id='word_1_196' title='bbox 961 2446 1208 2504; x_wconf 71' lang='lat' dir='ltr'>sepulchro·</span> 
     </span>
    </p>
   </div>
  </div>
 </body>
</html>
