1482 2834
507 208 807 266 Ltssfin
870 204 1068 265 XVI.
1137 212 1139 214 ’
1265 215 1382 280 395·

149 308 328 352 Cornua
353 309 584 353 tollentem
603 343 616 363 ‚
641 309 813 367 praestet
835 308 1025 366 speEtare
1053 306 1257 363 sequaces

146 388 264 431 Ante
288 403 443 438 canes·,
470 390 548 447 qui
570 390 718 434 fraude
740 390 863 435 vafer
887 388 975 447 qua
1001 387 1124 433 lafi‘at
1140 420 1152 441 ,
1181 385 1334 431 eadem

149 469 406 513 Venantum
432 470 622 516 stimulet
646 485 769 516 curas
795 486 810 522 ς
836 472 881 515 δι
905 468 1071 514 tardior
1097 482 1200 514 aevo

145 548 247 593 Post
270 551 442 608 aliquot
466 555 620 607 cedat,
645 552 836 598 defectus
858 552 1028 596 viribus
1045 583 1059 604 ,
1087 551 1237 595 horas.

208 631 451 688 AEquaevos
476 633 592 677 inter
615 647 773 677 cervos
798 632 941 690 placet
966 632 1042 676 ille
1058 663 1072 684 ,
1098 629 1290 690 nigranti

148 711 359 756 Exterior
376 727 609 758 nemorum
628 728 759 772 quem
776 713 974 771 contegit
993 713 1175 770 angulus
1199 708 1379 755 umbra:

144 793 320 850 Nempe
343 808 423 851 per
447 794 687 838 immensos
712 793 836 837 illinc
862 791 1135 849 protruditur
1158 805 1286 849 agros
1306 805 1322 840 ·,

143 874 312 917 Notior
336 886 387 917 ut
411 874 589 918 canibus
613 873 691 918 fiat
718 889 733 924 ;
759 875 971 931 nulloque
996 872 1219 916 trahantur

143 955 268 998 Dein
285 969 435 999 errore
454 988 467 1008 ‚
486 969 643 999 nemus
657 953 819 1013 refugit
835 968 971 1012 quum
988 967 1145 998 cervus
1161 953 1210 996 in
1228 954 1397 996 altum„

206 1032 441 1080 Hunc'ubi
465 1035 782 1098 frondosolstat
807 1037 1062 1092 proturbare
1086 1033 1248 1087 cubili,

145 1116 347 1174 Surgitur
373 1133 385 1160 ε
412 1130 615 1174 optatum
636 1131 794 1175 pugnae
819 1118 892 1160 dat
916 1115 1098 1160 buccina
1122 1115 1290 1173 signum
1309 1141 1324 1165 ‚

146 1197 430 1252 Quo'fremit
452 1198 604 1242 audito
630 1200 874 1255 quadrupes
892 1214 916 1253 ‚3
950 1198 994 1241 &
1020 1195 1155 1240 seffile
1182 1207 1355 1253 tergum
1388 1237 1390 1239 ,

146 1278 398 1332 subjiciens
423 1279 590 1336 equiti,
617 1293 776 1335 campo
801 1279 846 1322 se
874 1279 918 1321 se
943 1279 1102 1321 arduus
1132 1277 1280 1321 infert.

145 1359 364 1402 Exfiliunt
380 1392 393 1412 ,
419 1373 740 1417 nemorumque
768 1373 898 1404 canes
924 1358 1134 1403 testantur
1158 1370 1353 1401 amorem
1369 1388 1383 1411 ,

145 1439 201 1484 Et
226 1440 420 1497 querulis
447 1441 566 1484 demi
594 1441 672 1486 fibi
697 1441 878 1486 vincula
903 1440 1090 1484 vocibus
1119 1439 1292 1485 instant.

207 1523 315 1565 Non
330 1534 494 1566 temere
509 1535 659 1567 tamen
675 1555 689 1576 ‚
707 1523 752 1566 &
770 1522 859 1565 fine
877 1523 974 1580 lege
993 1520 1191 1565 feruntur
1207 1520 1254 1564 in
1271 1519 1467 1570 hostem;

143 1602 200 1645 In
224 1602 376 1645 varios
403 1601 562 1658 partita
588 1603 746 1660 globos
774 1601 811 1647 it
836 1603 975 1646 odora
1001 1615 1158 1645 canum
1184 1601 1282 1646 vis:

146 1681 392 1728 Praeficitur
417 1684 508 1726 dux
530 1682 691 1740 cuique
719 1682 820 1726 suus
843 1698 855 1726 ε
879 1682 1132 1740 generosior
1155 1681 1257 1726 altis

145 1764 316 1808 Militat
341 1764 389 1806 in
417 1763 538 1808 filvis
567 1763 683 1807 acies
698 1794 713 1818 ‚
737 1763 1006 1820 cervumque
1029 1762 1188 1806 laceffit
1209 1778 1226 1813 ;

143 1846 200 1888 Et
227 1846 382 1901 procul
403 1844 509 1888 hinc
534 1843 659 1888 varia
683 1844 844 1901 reliqui
870 1844 1054 1888 statione
1080 1846 1283 1888 locantur
1298 1878 1313 1899 ‚

146 1926 248 1970 Post
273 1925 446 1969 emensa
471 1925 597 1983 vagis
625 1924 702 1982 qui
729 1925 921 1969 curfibus
947 1939 1123 1983 aequora
1140 1959 1154 1980 ‚
1178 1925 1328 1970 fess'am

146 2006 382 2063 Excipiant
398 2038 413 2060 ,
440 2005 705 2063 firmentque
727 2019 854 2048 novo
883 2005 983 2049 dein
1002 2007 1163 2050 robore
1184 2018 1389 2052 turmam.

147 2089 348 2133 Praefidia
373 2089 470 2132 haec
498 2087 683 2132 immota
708 2099 914 2140 manent,
938 2101 1019 2131 nec
1043 2087 1193 2144 praelia
1220 2099 1390 2131 tentant

138 2166 265 2229 Ante
290 2170 412 2212 ducis
437 2167 569 2226 quam
592 2167 699 2223 jussa
729 2181 924 2212 vocent:
953 2168 1068 2212 levis
1093 2170 1160 2212 ala
1183 2167 1357 2222 jubetur

147 2251 272 2297 Pone
301 2249 424 2306 sequi
449 2263 528 2307 per
552 2261 659 2293 nota
683 2248 772 2294 viae
796 2250 1057 2307 compendia
1073 2282 1087 2304 ,
1112 2251 1302 2307 praesens

150 2332 217 2375 Ut
237 2329 413 2373 canibus
436 2329 547 2375 ferar
570 2328 788 2374 auxilium
806 2361 820 2382 ‚
840 2344 976 2387 quum
1002 2330 1189 2388 postulat
1209 2332 1326 2380 usus-

215 2409 475 2468 Compofita
499 2410 604 2457 beni
627 2410 738 2458 facie
754 2443 768 2468 ,
794 2410 1049 2470 proceditur
1072 2412 1209 2459 altum
