1482 2834
101 273 221 366 372
323 288 672 378 Ῑζιωευιι
713 288 1113 346 Rvsrzcr

99 385 274 443 Quaerit
297 387 383 432 iter
409 405 423 440 ·,
449 388 558 434 tristi
584 404 675 448 quo
699 391 745 434 se
769 392 1007 435 subducere
1036 388 1229 435 claustr·
1284 405 1287 407 ·

100 468 265 522 Poffit,
294 469 338 512 &
364 469 589 514 immenfis
616 485 761 515 errare
786 469 993 514 licentius
1020 470 1154 529 agriS.

100 549 346 594 Liberioris
375 550 495 595 enim
522 550 630 598 vitae
655 551 753 609 spes
778 552 936 595 blanda
959 551 1150 595 ferarum

103 628 326 673 Sollicitat
344 645 482 689 genus
500 646 635 676 omne
653 632 846 676 :famem
865 630 1126 689 pluviasque
1143 628 1323 672 nivales

103 709 250 767 Atque
273 710 468 755 hiemem
495 713 616 756 nudo
644 714 834 757 tolerare
858 713 935 772 sub
961 713 1120 758 aethere
1148 711 1347 763 malunt9'

104 789 280 834 Arffius
305 791 463 835 amissa
492 791 625 850 quam
651 792 854 837 libertate
880 793 1055 848 teneri,

105 872 162 916 Et
186 872 342 915 saturis
366 873 457 916 lare
482 872 559 916 sub
585 884 710 917 certo
735 873 1002 931 praesepibus
1025 873 1111 919 uti.

169 953 282 996 Sunt
297 951 374 1009 qui
392 951 656 997 struCtilibus
677 954 841 996 ducunt
858 968 941 1010 pro
958 954 1184 997 moenibus
1199 950 1393 996 undam
1377 978 1399 1010 9
1451 980 1464 1041 ⁴.

107 1033 164 1076 Et
189 1031 426 1088 praecincta
451 1031 576 1076 cavis
600 1033 771 1075 vanam
796 1032 1018 1088 leporaria
1043 1031 1190 1077 foffis·
1452 1075 1482 1096 s

108 1113 232 1158 Dant
258 1113 302 1156 &
326 1111 451 1170 aquis
476 1112 662 1170 pisces,
686 1114 843 1156 ludens
867 1124 917 1156 ut
942 1113 1087 1170 pascat
1110 1125 1298 1171 uterque
1422 1146 1425 1148 v
1448 1101 1482 1154 3.

111 1194 241 1239 Grex
262 1195 420 1238 oculos
438 1227 452 1248 ,
472 1194 731 1251 mensasque
750 1193 863 1237 cibis
881 1191 1071 1237 exoinet
1087 1192 1299 1251 inemptis
1311 1207 1332 1247 3
1466 1186 1467 1191 ¹

113 1276 376 1333 Littoreque
401 1289 460 1319 ex
482 1289 577 1320 uno
603 1275 769 1330 jaciant
792 1275 837 1318 δι
863 1275 1019 1319 rniffile
1044 1259 1276 1333 piumbum

112 1358 170 1402 In
191 1358 367 1414 lepores
393 1356 438 1399 &
460 1355 509 1399 in
533 1360 769 1413 aequoreos
794 1369 902 1399 cava
927 1357 1036 1400 retia
1061 1356 1221 1414 pisces.

176 1441 334 1482 Ferrea
358 1452 455 1496 quae
479 1436 626 1495 lepori
651 1436 840 1480 {ubitam
865 1437 937 1480 dat
965 1435 1106 1480 fistula
1131 1443 1360 1500 mortemff
1443 1440 1471 1493 {A

118 1519 383 1564 Terrificum
410 1521 542 1578 pyrio
572 1533 708 1577 quum
733 1520 920 1577 pulvere
945 1519 1034 1563 feta
1059 1519 1270 1562 sonorem
1474 1511 1476 1514 ’

120 1601 269 1646 Edidit
289 1634 303 1654 ‚
330 1600 530 1644 auditum
556 1599 746 1657 trepidat
769 1599 880 1659 grex
903 1599 1051 1644 omnis
1077 1601 1131 1643 ad
1154 1599 1284 1644 iftum
1300 1615 1318 1647 t

123 1683 209 1727 Sed
234 1695 344 1725 mox
367 1695 467 1724 cum
491 1680 641 1724 sonitu
666 1694 810 1737 pavor
832 1681 1054 1725 evanescit
1080 1681 1127 1723 in
1153 1695 1302 1731 auras·,

124 1765 354 1820 Strataque
382 1763 618 1821 gaudentes
642 1763 799 1806 ludunt
823 1776 902 1819 per
927 1776 1113 1819 corpora
1131 1795 1148 1816 ,,
1167 1762 1304 1806 nostri

127 1844 419 1898 Confimiles,
448 1857 638 1901 quorum
662 1845 845 1887 blandos
871 1858 992 1887 mors
1017 1843 1110 1887 dira
1135 1844 1308 1888 sodales

89 1967 97 1975 ,
126 1926 198 1969 Ex
221 1925 365 1968 oculis
391 1924 440 1967 in
462 1923 581 1968 busta
600 1924 715 1980 rapit
734 1941 749 1974 ·,
772 1923 990 1982 tristisque
1011 1923 1234 1982 sepulchri

129 2008 446 2051 Immemorem
475 2017 626 2048 tamen
649 2005 868 2064 exigimus
894 2020 973 2063 per
999 2005 1152 2066 gaudia
1177 2005 1339 2053 vitium

192 2086 241 2130 Si
258 2089 403 2144 placet
420 2085 606 2129 auritam
621 2099 740 2128 nova
757 2086 927 2129 claudat
940 2099 991 2130 ut
1008 2085 1147 2130 insula
1165 2099 1370 2148 gentem3

133 2167 358 2212 Effodiens
380 2167 546 2211 circum
563 2199 577 2221 ,
601 2168 738 2211 colles
762 2167 936 2212 imitare
960 2169 1141 2225 supinos
1159 2198 1175 2220 ,

134 2248 319 2306 Aggesta
345 2248 392 2290 in
416 2249 640 2291 cumulum
666 2248 821 2290 tellure
848 2263 860 2292 ε
887 2248 1112 2293 cuniculus
1140 2248 1227 2293 alta

137 2328 312 2372 Gaudet
333 2328 502 2381 humo,
520 2339 641 2370 tutos
664 2327 740 2370 ubi
764 2340 903 2384 ponat
925 2330 977 2372 ab
1005 2329 1144 2374 imbre
1168 2336 1367 2387 penates&

138 2409 288 2475 Serpit
305 2408 453 2461 enim,
471 2408 687 2465 pullisque
706 2419 860 2461 nocet,
881 2409 955 2465 qui
982 2411 1174 2457 lubricus
1193 2409 1339 2455 amnis

111 2489 115 2492 ’
139 2489 333 2538 Infinuat
359 2489 405 2535 se
428 2488 473 2535 se
495 2502 601 2534 rarae
626 2502 705 2545 per
728 2487 874 2534 inania
900 2501 1045 2540 terrae.
