1500 2886
88 313 160 377 5?-
325 299 660 355 PRAEDII
700 294 1076 355 -Rvs‘i'Ict

82 397 215 440 Mens
235 398 378 455 epulis
398 400 532 444 alitur
549 434 561 453 ,
588 399 828 458 crescitque
850 399 1049 456 superbia
1067 400 1220 443 formae
1238 414 1254 443 ι

81 478 189 521 Inde
220 479 472 524 ministeriis
500 481 625 539 fungi
652 479 885 524 servilibus
914 481 1033 522 ultro

84 559 213 613 Quos
243 561 394 605 videre
417 595 429 614 ‚
460 574 615 619 putant
642 573 771 604 natos
802 560 967 603 servire
998 559 1198 603 maritos.

146 640 340 685 Villicus
368 642 524 685 urbani
546 655 809 699 quamquam
829 655 922 684 non
940 641 1132 683 ambulet
1160 652 1318 696 auceps

32 731 34 734 ·
85 721 296 773 Rumoris
316 754 327 774 ‚
358 721 539 779 solaque
559 733 686 779 roget
705 723 757 765 de
777 720 908 764 meffe
931 722 1120 764 colonos
1140 753 1154 773 ,

86 801 278 845 Accerfit
298 816 412 860 quos
431 816 528 846 rure
548 803 751 860 frequens
771 814 990 846 mercatus
1011 802 1058 844 in
1077 803 1230 844 urbem
1247 817 1264 852 3

87 882 222 926 Noffe
242 895 389 927 tamen
412 882 536 938 juvat
559 883 716 926 invicti
735 882 867 940 quam
885 883 1094 940 prospera
1116 882 1240 926 Galli

88 963 208 1007 Bella
230 975 380 1021 gerant
400 979 414 1014 3
447 964 582 1008 avido
603 965 760 1008 referat
782 979 877 1021 quae
899 963 1052 1013 nuntia
1075 977 1210 1020 pago.

87 1045 211 1088 Dein
230 1045 427 1088 modium
447 1045 546 1088 salis
568 1078 580 1098 ‚
612 1058 743 1102 atque
764 1044 915 1088 infeffi
936 1045 1131 1100 pondera
1146 1041 1251 1087 ferri
1269 1050 1287 1096 ,‘

91 1127 197 1182 Quo
219 1127 335 1169 faber
354 1125 494 1168 obtufi
514 1127 690 1169 dentem
711 1127 922 1182 procudat
941 1124 1071 1168 aratri
1091 1158 1104 1178 ,

90 1208 146 1250 Et
166 1207 350 1250 solidam
372 1206 508 1264 nigrae
529 1206 706 1250 maffam
725 1206 838 1263 picis
859 1239 871 1260 ‚
899 1218 1029 1264 atque
1048 1206 1222 1265 ligones

94 1267 335 1343 Coinparat
351 1320 364 1340 ‚
393 1288 437 1330 &
455 1300 594 1330 curvo
613 1288 808 1329 lunatam
827 1299 1000 1345 tergore
1019 1287 1174 1330 falcem
1193 1319 1206 1340 ‚

93 1369 416 1426 Runconesque
435 1401 448 1421 ,
475 1367 632 1424 quibus
653 1367 848 1424 sequitur
866 1381 1048 1424 vepreta
1073 1401 1086 1422 ‚
1110 1367 1284 1412 secures

94 1451 150 1494 Et
169 1453 333 1494 cultros
354 1483 366 1503 ‚
400 1448 556 1506 quibus
575 1449 804 1491 arboreum
826 1448 1102 1504 compescere
1120 1450 1276 1491 luxum

97 1531 231 1576 Poffit
249 1565 261 1584 ‚
293 1532 336 1574 &
355 1542 524 1573 arentes
543 1542 700 1572 trunco
724 1529 964 1572 rescindere
984 1543 1146 1574 ramos.

80 1614 175 1657 :Nil
202 1612 310 1656 emit
336 1611 516 1654 illorum
545 1625 640 1668 quae
669 1611 743 1653 vel
772 1609 1001 1653 nascuntur
1024 1609 1072 1653 in
1100 1620 1206 1668 agro
1225 1641 1241 1663 ,

98 1694 188 1738 Vel
213 1692 311 1736 fieri
335 1691 510 1749 poss‘unt
527 1725 539 1744 ‚
562 1705 657 1734 non
679 1693 802 1734 lento
827 1690 996 1734 vimine
1023 1692 1178 1734 corbes
1195 1723 1210 1744 ,

99 1775 298 1832 Linaque
319 1807 332 1828 ‚
364 1775 407 1816 &
433 1772 640 1831 agrestem
666 1772 783 1816 torta
813 1775 864 1816 de
891 1773 1080 1816 cannabe
1104 1773 1238 1815 telam
1255 1804 1272 1826 ,

99 1859 207 1902 Non
232 1857 370 1899 soleas
389 1888 402 1907 ,
429 1868 535 1912 quas
561 1853 652 1909 ipse
680 1853 776 1896 rudi
800 1854 919 1896 dolat
945 1865 1035 1896 arte
1054 1885 1066 1906 ‚
1097 1851 1275 1909 caprini

102 1940 210 1983 Non
237 1950 387 1980 ocreas
416 1949 441 1977 e
472 1935 587 1990 pelle
606 1965 618 1985 ‚
651 1932 805 1989 quibus
834 1933 1033 1976 defendat
1064 1933 1205 1976 acutis

105 2021 245 2063 Crura
263 2016 383 2060 rubis
413 2031 423 2058 :
442 2015 617 2057 vendax
635 2013 800 2056 etenim
820 2012 990 2056 ditescit
1011 2028 1026 2062 ⁰,
1056 2026 1251 2056 emacem

105 2099 357 2159 Agricolam
382 2093 535 2139 contra
564 2093 819 2137 miserabilis
843 2104 970 2150 urget
998 2091 1180 2151 egestas.

169 2178 406 2234 Scripturae
429 2175 548 2218 rudis
571 2175 613 2217 δί
633 2173 855 2216 rationum
877 2206 889 2225 ,
921 2172 1073 2228 saepius
1094 2171 1222 2216 affert

109 2257 438 2312 AdDominum
455 2254 621 2312 pastos,
639 2252 768 2311 quam
783 2252 939 2308 scripta
954 2252 1199 2304 volumina,
1218 2263 1426 2298 nummos
1437 2280 1459 2309 5

111 2341 256 2394 Atque
284 2337 364 2379 illo
391 2334 599 2377 veniente
618 2366 630 2385 ,
662 2333 798 2375 timor
823 2332 935 2375 nihil
961 2332 1104 2390 arguit
1128 2332 1264 2379 intus.

112 2417 357 2474 Disciplina
383 2416 504 2458 domi
529 2414 654 2470 viget
679 2402 930 2469 inculpata·,
962 2412 1156 2469 forisque

98 2499 284 2559 -2Cun6ta
302 2496 444 2542 nitent
461 2497 571 2544 bene
591 2496 706 2540 culta
727 2510 738 2541 ε
760 2495 900 2554 boves
926 2506 1209 2552 armentaque
1229 2491 1345 2543 recle
