1500 2886
513 249 814 307 LIBnR
859 248 969 307 IV.
1280 265 1355 329 95

129 350 270 395 Aerea
296 351 350 394 de
377 351 495 395 nube
522 361 689 394 vocant
715 348 993 407 clangoribus
1019 346 1239 399 imbrem;

130 431 428 490 Dedufikisque
453 445 612 491 graves
637 428 844 475 olfaaant
866 428 1045 474 naribus
1071 443 1197 473 auras

129 512 283 556 Exeffl
311 514 485 558 cervice
509 515 684 563 boves;
711 525 795 555 nec
819 525 956 569 quum
982 510 1124 556 acrius
1150 511 1304 564 haeret,

129 593 285 637 Musca
306 594 397 638 cuti
415 610 430 645 ;
460 593 679 650 celsasque
699 592 830 650 super
847 593 974 637 volat
990 588 1118 636 ardea
1134 593 1271 637 nubes

130 673 357 732 Effugiens
385 673 539 732 pluvia
567 688 682 731 quos
710 673 994 731 impendente
1020 687 1212 732 vapores

130 755 267 798 Affiat
283 756 441 799 humus
459 770 473 799 ε
493 753 690 811 suspecta
704 754 839 798 etiam
856 753 940 797 fint
958 753 1107 797 nubila
1129 753 1235 798 coeli
1254 784 1271 806 ,

131 836 284 890 Quum
300 835 448 880 levior
464 847 604 880 vento
621 835 745 880 frons
764 836 1013 880 colludente
1028 849 1245 898 ⁴recurvos

131 916 350 961 Volvitur
367 916 416 960 in
433 932 572 977 gyros
588 949 605 972 ,
636 918 903 976 sinuosaque»
910 917 1088 961 flamma
1105 931 1185 974 per
1208 931 1335 961 auras

109 1045 114 1054 Ι
132 997 286 1041 Fertur
301 1013 319 1048 ;
348 999 395 1042 &
410 1013 638 1057 aequoreas
656 998 836 1058 gemino
853 998 1167 1044 Thaumantias
1184 1012 1266 1042 ore

131 1078 271 1123 Ducit
288 1094 422 1137 aquas
433 1112 449 1134 ,
467 1079 627 1136 pluvio
646 1094 754 1138 quas
774 1079 913 1123 imbre
931 1080 1130 1124 refundat
1149 1078 1199 1123 in
1218 1093 1366 1138 agros.

192 1159 405 1216 Inprimis
433 1160 574 1204 aestate
598 1171 727 1204 tonat
751 1157 1098 1218 quum‘nubibus
1127 1161 1263 1205 aether
1279 1192 1296 1215 ‚

136 1239 386 1284 Mortiferis
410 1240 616 1298 spargens
638 1241 777 1284 fetum
800 1241 1041 1285 husonibus
1071 1240 1256 1286 imbrem
1274 1275 1290 1295 ‚

138 1321 303 1363 Claude
315 1333 449 1377 pecus
465 1320 652 1366 stabulo:
662 1335 805 1379 neque
821 1321 943 1365 enim
958 1323 1215 1379 praesentius
1232 1326 1370 1368 ullum

138 1399 284 1444 Poffet
308 1401 419 1443 edax
444 1400 578 1444 avido
607 1401 869 1460 contingere
894 1404 1024 1447 dente
1048 1418 1273 1447 venenum
1293 1420 1309 1454 3

136 1482 192 1525 Et
218 1493 365 1526 tamen
390 1481 644 1540 imprudens
671 1483 785 1527 diras
815 1483 918 1528 ovis
943 1484 1113 1541 appetit
1141 1486 1278 1531 escas,

196 1562 257 1605 At
281 1577 425 1621 neque
449 1578 672 1621 purpureo
697 1564 906 1608 reserabis
929 1565 1071 1609 ovilia
1095 1567 1214 1610 Vere
1231 1599 1246 1620 ,

136 1642 253 1686 Ante
271 1642 526 1700 pruinosam
546 1643 678 1700 quam
696 1644 764 1688 sol
782 1645 1007 1689 deterserit
1024 1646 1200 1690 herbam
1219 1663 1233 1692 ς
1254 1645 1258 1648 ’

140 1723 243 1767 Post
267 1723 343 1766 ubi
371 1735 590 1768 torrentes
617 1727 822 1770 accendet
849 1726 990 1770 Sirius
1019 1728 1143 1785 ignes
1163 1760 1178 1781 ,

141 1804 407 1863 Lanigerum
425 1806 492 1850 bis
511 1808 636 1864 pasce
655 1821 832 1866 gregem
851 1825 866 1858 ς
899 1823 1037 1866 quum
1056 1809 1224 1853 roscida
1243 1825 1370 1856 mane

142 1885 329 1930 Dulcius
348 1887 481 1931 herba
498 1888 608 1945 sapit
627 1920 642 1942 ,
674 1888 933 1947 rursumque
950 1889 1140 1934 virentia
1159 1891 1257 1934 sero

144 1966 359 2011 Gramina
377 1982 511 2025 quum
528 1981 676 2027 gratos
696 1971 859 2014 ducunt
879 1985 904 2014 a
922 1972 1105 2029 vespere
1124 1973 1275 2017 succos
1295 1989 1310 2017 z

145 2046 333 2092 Phoebus
351 2049 471 2092 enim
504 2050 651 2094 medio
678 2051 855 2108 quoties
872 2052 980 2095 furit
998 2052 1150 2111 igneus
1170 2055 1277 2098 orbe
1295 2087 1310 2106 ‚

142 2128 450 2187 Languidaque
462 2130 695 2175 exsuccum
705 2131 788 2174 vix
798 2131 976 2175 sustinet
987 2134 1165 2177 herbula
1179 2137 1343 2179 collum
1354 2151 1372 2186 ;

142 2209 391 2253 Umbrifera
410 2222 505 2254 tum
521 2212 638 2254 valle
656 2225 790 2269 pecus
806 2244 819 2265 ,
840 2212 1097 2271 pecorisque
1113 2216 1313 2273 magister

143 2290 331 2333 Icarium
357 2291 504 2335 vitent
530 2292 691 2348 patulis
715 2293 791 2336 sub
818 2294 1060 2350 quercubus
1087 2295 1250 2341 astum.

205 2369 390 2415 Pastoris
409 2372 707 2430 pecorumque
726 2373 845 2417 canis
865 2387 1014 2418 comes
1033 2376 1138 2420 adfit
1158 2378 1200 2420 &
1219 2379 1337 2424 ultor
1354 2412 1370 2433 .

146 2449 373 2501 Pascentes
401 2450 481 2515 qui
505 2451 650 2500 servet
676 2467 788 2502 oves
806 2485 821 2508 ,
851 2455 1083 2515 securaque
1107 2456 1243 2505 noea
