<?xml version="1.0" encoding="UTF-8"?>
<!DOCTYPE html PUBLIC "-//W3C//DTD XHTML 1.0 Transitional//EN"
    "http://www.w3.org/TR/xhtml1/DTD/xhtml1-transitional.dtd">
<html xmlns="http://www.w3.org/1999/xhtml" xml:lang="en" lang="en">
 <head>
  <title>
</title>
<meta http-equiv="Content-Type" content="text/html;charset=utf-8" />
  <meta name='ocr-system' content='tesseract 3.04.00' />
  <meta name='ocr-capabilities' content='ocr_page ocr_carea ocr_par ocr_line ocrx_word'/>
</head>
<body>
  <div class='ocr_page' id='page_1' title='image "./praediumrusticum00vaniuoft_0172.png"; bbox 0 0 1500 2834; ppageno 0'>
   <div class='ocr_carea' id='block_1_1' title="bbox 0 1303 6 2170">
    <p class='ocr_par' dir='ltr' id='par_1_1' title="bbox 0 1303 6 2170">
     <span class='ocr_line' id='line_1_1' title="bbox 0 1303 6 2170; baseline 0 0"><span class='ocrx_word' id='word_1_1' title='bbox 0 1303 6 2170; x_wconf 95' lang='lat' dir='ltr'> </span> 
     </span>
    </p>
   </div>
   <div class='ocr_carea' id='block_1_2' title="bbox 164 193 1161 273">
    <p class='ocr_par' dir='ltr' id='par_1_2' title="bbox 164 193 1161 273">
     <span class='ocr_line' id='line_1_2' title="bbox 164 193 1161 273; baseline -0.008 -16"><span class='ocrx_word' id='word_1_2' title='bbox 164 195 281 273; x_wconf 81' lang='lat'>&#39;148</span> <span class='ocrx_word' id='word_1_3' title='bbox 414 197 752 254; x_wconf 72' lang='lat' dir='ltr'><strong><em>PRAEDII</em></strong></span> <span class='ocrx_word' id='word_1_4' title='bbox 794 193 1161 250; x_wconf 67' lang='lat' dir='ltr'>Rus-1101</span> 
     </span>
    </p>
   </div>
   <div class='ocr_carea' id='block_1_3' title="bbox 161 291 1410 2459">
    <p class='ocr_par' dir='ltr' id='par_1_3' title="bbox 161 291 1410 2459">
     <span class='ocr_line' id='line_1_3' title="bbox 163 291 1354 352; baseline -0.007 -10"><span class='ocrx_word' id='word_1_5' title='bbox 163 298 351 344; x_wconf 87' lang='lat' dir='ltr'>Viscera</span> <span class='ocrx_word' id='word_1_6' title='bbox 375 298 505 341; x_wconf 88' lang='lat' dir='ltr'>densa</span> <span class='ocrx_word' id='word_1_7' title='bbox 532 312 547 347; x_wconf 79' lang='lat'><em>3</em></span> <span class='ocrx_word' id='word_1_8' title='bbox 572 297 652 341; x_wconf 91' lang='lat' dir='ltr'>suo</span> <span class='ocrx_word' id='word_1_9' title='bbox 679 294 843 340; x_wconf 87' lang='lat' dir='ltr'>fluidos</span> <span class='ocrx_word' id='word_1_10' title='bbox 865 291 1027 352; x_wconf 86' lang='lat' dir='ltr'><strong>premit</strong></span> <span class='ocrx_word' id='word_1_11' title='bbox 1053 291 1130 336; x_wconf 87' lang='lat' dir='ltr'>ille</span> <span class='ocrx_word' id='word_1_12' title='bbox 1153 291 1354 349; x_wconf 74' lang='lat' dir='ltr'>liquores</span> 
     </span>
     <span class='ocr_line' id='line_1_4' title="bbox 163 369 1404 437; baseline -0.007 -14"><span class='ocrx_word' id='word_1_13' title='bbox 163 380 366 423; x_wconf 90' lang='lat' dir='ltr'>Pondere</span> <span class='ocrx_word' id='word_1_14' title='bbox 392 395 407 430; x_wconf 88' lang='lat'>·‚</span> <span class='ocrx_word' id='word_1_15' title='bbox 433 394 546 437; x_wconf 90' lang='lat' dir='ltr'>quos</span> <span class='ocrx_word' id='word_1_16' title='bbox 577 379 746 423; x_wconf 90' lang='lat' dir='ltr'>sursum</span> <span class='ocrx_word' id='word_1_17' title='bbox 767 411 779 432; x_wconf 86' lang='lat'>‚</span> <span class='ocrx_word' id='word_1_18' title='bbox 806 378 838 420; x_wconf 88' lang='lat' dir='ltr'><strong>fi</strong></span> <span class='ocrx_word' id='word_1_19' title='bbox 867 391 960 434; x_wconf 83' lang='lat' dir='ltr'>quae</span> <span class='ocrx_word' id='word_1_20' title='bbox 986 385 1116 419; x_wconf 82' lang='lat' dir='ltr'>vacat</span> <span class='ocrx_word' id='word_1_21' title='bbox 1142 373 1243 417; x_wconf 68' lang='lat' dir='ltr'>aete</span> <span class='ocrx_word' id='word_1_22' title='bbox 1266 369 1404 416; x_wconf 83' lang='lat' dir='ltr'>craffo</span> 
     </span>
     <span class='ocr_line' id='line_1_5' title="bbox 163 458 1281 518; baseline -0.007 -14"><span class='ocrx_word' id='word_1_23' title='bbox 163 461 330 504; x_wconf 86' lang='lat' dir='ltr'>Semita</span> <span class='ocrx_word' id='word_1_24' title='bbox 348 492 360 513; x_wconf 88' lang='lat'><strong>‚</strong></span> <span class='ocrx_word' id='word_1_25' title='bbox 386 474 467 517; x_wconf 90' lang='lat' dir='ltr'>per</span> <span class='ocrx_word' id='word_1_26' title='bbox 491 472 647 504; x_wconf 90' lang='lat' dir='ltr'>tenues</span> <span class='ocrx_word' id='word_1_27' title='bbox 674 458 795 518; x_wconf 88' lang='lat' dir='ltr'>cogit</span> <span class='ocrx_word' id='word_1_28' title='bbox 820 458 1085 515; x_wconf 75' lang='lat' dir='ltr'>consurgere</span> <span class='ocrx_word' id='word_1_29' title='bbox 1108 467 1247 499; x_wconf 82' lang='lat' dir='ltr'>venas</span> <span class='ocrx_word' id='word_1_30' title='bbox 1267 467 1281 496; x_wconf 72' lang='grc' dir='ltr'>ι</span> 
     </span>
     <span class='ocr_line' id='line_1_6' title="bbox 161 534 1278 599; baseline -0.006 -15"><span class='ocrx_word' id='word_1_31' title='bbox 161 542 229 584; x_wconf 92' lang='lat' dir='ltr'>Ut</span> <span class='ocrx_word' id='word_1_32' title='bbox 253 540 416 599; x_wconf 89' lang='lat' dir='ltr'>digitos</span> <span class='ocrx_word' id='word_1_33' title='bbox 442 540 559 584; x_wconf 90' lang='lat' dir='ltr'>inter</span> <span class='ocrx_word' id='word_1_34' title='bbox 584 538 772 583; x_wconf 88' lang='lat' dir='ltr'>mustum</span> <span class='ocrx_word' id='word_1_35' title='bbox 798 535 1051 596; x_wconf 85' lang='lat' dir='ltr'>prorumpit</span> <span class='ocrx_word' id='word_1_36' title='bbox 1073 534 1278 587; x_wconf 85' lang='lat' dir='ltr'>hiantes,</span> 
     </span>
     <span class='ocr_line' id='line_1_7' title="bbox 162 616 1283 679; baseline -0.007 -14"><span class='ocrx_word' id='word_1_37' title='bbox 162 622 362 666; x_wconf 84' lang='lat' dir='ltr'>Maturas</span> <span class='ocrx_word' id='word_1_38' title='bbox 386 621 569 679; x_wconf 92' lang='lat' dir='ltr'>pedibus</span> <span class='ocrx_word' id='word_1_39' title='bbox 595 622 734 664; x_wconf 88' lang='lat' dir='ltr'>calcat</span> <span class='ocrx_word' id='word_1_40' title='bbox 761 632 896 676; x_wconf 87' lang='lat' dir='ltr'>quum</span> <span class='ocrx_word' id='word_1_41' title='bbox 923 616 1110 663; x_wconf 84' lang='lat' dir='ltr'>Vinitor</span> <span class='ocrx_word' id='word_1_42' title='bbox 1137 628 1283 664; x_wconf 77' lang='lat' dir='ltr'>uvas3</span> 
     </span>
     <span class='ocr_line' id='line_1_8' title="bbox 163 697 1373 762; baseline -0.009 -13"><span class='ocrx_word' id='word_1_43' title='bbox 163 705 260 748; x_wconf 87' lang='lat' dir='ltr'>Nec</span> <span class='ocrx_word' id='word_1_44' title='bbox 284 704 410 748; x_wconf 84' lang='lat' dir='ltr'>secus</span> <span class='ocrx_word' id='word_1_45' title='bbox 440 719 489 748; x_wconf 88' lang='lat' dir='ltr'>ac</span> <span class='ocrx_word' id='word_1_46' title='bbox 514 717 712 762; x_wconf 88' lang='lat' dir='ltr'>pannum</span> <span class='ocrx_word' id='word_1_47' title='bbox 737 701 1004 758; x_wconf 86' lang='lat' dir='ltr'>consurgens</span> <span class='ocrx_word' id='word_1_48' title='bbox 1033 699 1148 742; x_wconf 88' lang='lat' dir='ltr'>unda</span> <span class='ocrx_word' id='word_1_49' title='bbox 1171 697 1373 740; x_wconf 85' lang='lat' dir='ltr'>bibacem</span> 
     </span>
     <span class='ocr_line' id='line_1_9' title="bbox 161 779 1375 842; baseline -0.007 -14"><span class='ocrx_word' id='word_1_50' title='bbox 161 783 350 838; x_wconf 88' lang='lat' dir='ltr'>Imbuit‚</span> <span class='ocrx_word' id='word_1_51' title='bbox 377 796 580 828; x_wconf 86' lang='lat' dir='ltr'>extremo</span> <span class='ocrx_word' id='word_1_52' title='bbox 605 782 810 842; x_wconf 83' lang='lat' dir='ltr'>quamvis</span> <span class='ocrx_word' id='word_1_53' title='bbox 838 782 954 824; x_wconf 90' lang='lat' dir='ltr'>hunc</span> <span class='ocrx_word' id='word_1_54' title='bbox 978 779 1176 842; x_wconf 76' lang='lat' dir='ltr'>margine</span> <span class='ocrx_word' id='word_1_55' title='bbox 1203 790 1375 821; x_wconf 86' lang='lat' dir='ltr'>tantum</span> 
     </span>
     <span class='ocr_line' id='line_1_10' title="bbox 166 859 1334 922; baseline -0.006 -15"><span class='ocrx_word' id='word_1_56' title='bbox 166 863 420 922; x_wconf 89' lang='lat' dir='ltr'>Contigerit</span> <span class='ocrx_word' id='word_1_57' title='bbox 443 879 457 914; x_wconf 92' lang='lat'>·,</span> <span class='ocrx_word' id='word_1_58' title='bbox 477 875 655 908; x_wconf 88' lang='lat' dir='ltr'>montes</span> <span class='ocrx_word' id='word_1_59' title='bbox 681 864 832 911; x_wconf 83' lang='lat' dir='ltr'>eadem</span> <span class='ocrx_word' id='word_1_60' title='bbox 859 875 950 919; x_wconf 91' lang='lat' dir='ltr'>quo</span> <span class='ocrx_word' id='word_1_61' title='bbox 975 873 1100 903; x_wconf 90' lang='lat' dir='ltr'>more</span> <span class='ocrx_word' id='word_1_62' title='bbox 1119 873 1198 916; x_wconf 91' lang='lat' dir='ltr'>per</span> <span class='ocrx_word' id='word_1_63' title='bbox 1216 859 1334 901; x_wconf 85' lang='lat' dir='ltr'>altos</span> 
     </span>
     <span class='ocr_line' id='line_1_11' title="bbox 165 938 1266 1001; baseline -0.007 -12"><span class='ocrx_word' id='word_1_64' title='bbox 165 944 337 989; x_wconf 87' lang='lat' dir='ltr'>Nititur</span> <span class='ocrx_word' id='word_1_65' title='bbox 353 976 366 998; x_wconf 84' lang='lat'>,</span> <span class='ocrx_word' id='word_1_66' title='bbox 396 945 441 988; x_wconf 74' lang='grc' dir='ltr'>δε</span> <span class='ocrx_word' id='word_1_67' title='bbox 466 943 581 989; x_wconf 83' lang='lat' dir='ltr'>vivo</span> <span class='ocrx_word' id='word_1_68' title='bbox 608 943 710 1001; x_wconf 81' lang='lat' dir='ltr'>iuga</span> <span class='ocrx_word' id='word_1_69' title='bbox 735 943 865 985; x_wconf 87' lang='lat' dir='ltr'>saxea</span> <span class='ocrx_word' id='word_1_70' title='bbox 900 941 1025 984; x_wconf 84' lang='lat' dir='ltr'>fonte</span> <span class='ocrx_word' id='word_1_71' title='bbox 1049 938 1232 983; x_wconf 89' lang='lat' dir='ltr'>recludit</span> <span class='ocrx_word' id='word_1_72' title='bbox 1253 954 1266 982; x_wconf 71' lang='grc' dir='ltr'><strong>ε</strong></span> 
     </span>
     <span class='ocr_line' id='line_1_12' title="bbox 166 1019 1378 1081; baseline -0.007 -11"><span class='ocrx_word' id='word_1_73' title='bbox 166 1028 257 1070; x_wconf 85' lang='lat' dir='ltr'>Aut</span> <span class='ocrx_word' id='word_1_74' title='bbox 274 1028 399 1070; x_wconf 83' lang='lat' dir='ltr'>velut</span> <span class='ocrx_word' id='word_1_75' title='bbox 417 1026 468 1069; x_wconf 91' lang='lat' dir='ltr'>in</span> <span class='ocrx_word' id='word_1_76' title='bbox 486 1026 666 1068; x_wconf 90' lang='lat' dir='ltr'>tubulos</span> <span class='ocrx_word' id='word_1_77' title='bbox 681 1057 692 1077; x_wconf 89' lang='lat'><strong>‚</strong></span> <span class='ocrx_word' id='word_1_78' title='bbox 714 1023 879 1067; x_wconf 70' lang='lat' dir='ltr'>circum</span> <span class='ocrx_word' id='word_1_79' title='bbox 901 1021 1194 1081; x_wconf 85' lang='lat' dir='ltr'>stagnantibus</span> <span class='ocrx_word' id='word_1_80' title='bbox 1215 1019 1343 1064; x_wconf 87' lang='lat' dir='ltr'>undis</span> <span class='ocrx_word' id='word_1_81' title='bbox 1363 1026 1378 1073; x_wconf 57' lang='lat'>,⁴</span> 
     </span>
     <span class='ocr_line' id='line_1_13' title="bbox 164 1105 1224 1165; baseline -0.006 -14"><span class='ocrx_word' id='word_1_82' title='bbox 164 1107 374 1152; x_wconf 87' lang='lat' dir='ltr'>Ascendit</span> <span class='ocrx_word' id='word_1_83' title='bbox 403 1106 556 1165; x_wconf 88' lang='lat' dir='ltr'>liquor</span> <span class='ocrx_word' id='word_1_84' title='bbox 582 1121 597 1156; x_wconf 89' lang='lat'>;</span> <span class='ocrx_word' id='word_1_85' title='bbox 621 1107 752 1150; x_wconf 66' lang='lat' dir='ltr'>aelreo</span> <span class='ocrx_word' id='word_1_86' title='bbox 781 1105 839 1148; x_wconf 90' lang='lat' dir='ltr'>fic</span> <span class='ocrx_word' id='word_1_87' title='bbox 864 1105 1060 1162; x_wconf 89' lang='lat' dir='ltr'>pondere</span> <span class='ocrx_word' id='word_1_88' title='bbox 1085 1116 1224 1146; x_wconf 82' lang='lat' dir='ltr'>venas</span> 
     </span>
     <span class='ocr_line' id='line_1_14' title="bbox 165 1182 1316 1244; baseline -0.008 -11"><span class='ocrx_word' id='word_1_89' title='bbox 165 1192 329 1233; x_wconf 88' lang='lat' dir='ltr'>Succus</span> <span class='ocrx_word' id='word_1_90' title='bbox 355 1189 405 1232; x_wconf 89' lang='lat' dir='ltr'>in</span> <span class='ocrx_word' id='word_1_91' title='bbox 432 1190 636 1232; x_wconf 86' lang='lat' dir='ltr'>arboreas</span> <span class='ocrx_word' id='word_1_92' title='bbox 662 1185 936 1244; x_wconf 90' lang='lat' dir='ltr'>protruditur</span> <span class='ocrx_word' id='word_1_93' title='bbox 967 1201 979 1228; x_wconf 69' lang='grc' dir='ltr'><strong><em>ε</em></strong></span> <span class='ocrx_word' id='word_1_94' title='bbox 1006 1182 1166 1227; x_wconf 89' lang='lat' dir='ltr'>intima</span> <span class='ocrx_word' id='word_1_95' title='bbox 1191 1193 1316 1225; x_wconf 87' lang='lat' dir='ltr'>terrae</span> 
     </span>
     <span class='ocr_line' id='line_1_15' title="bbox 166 1263 1347 1328; baseline -0.008 -12"><span class='ocrx_word' id='word_1_96' title='bbox 166 1271 262 1328; x_wconf 82' lang='lat' dir='ltr'>Qui</span> <span class='ocrx_word' id='word_1_97' title='bbox 288 1273 410 1314; x_wconf 85' lang='lat' dir='ltr'>calor</span> <span class='ocrx_word' id='word_1_98' title='bbox 433 1268 623 1314; x_wconf 91' lang='lat' dir='ltr'>occultis</span> <span class='ocrx_word' id='word_1_99' title='bbox 649 1279 766 1311; x_wconf 89' lang='lat' dir='ltr'>meat</span> <span class='ocrx_word' id='word_1_100' title='bbox 790 1267 905 1310; x_wconf 88' lang='lat' dir='ltr'>intra</span> <span class='ocrx_word' id='word_1_101' title='bbox 930 1265 1101 1309; x_wconf 85' lang='lat' dir='ltr'>viscera</span> <span class='ocrx_word' id='word_1_102' title='bbox 1126 1263 1347 1317; x_wconf 81' lang='lat' dir='ltr'>flammis‚&#39;</span> 
     </span>
     <span class='ocr_line' id='line_1_16' title="bbox 169 1346 1247 1410; baseline -0.007 -14"><span class='ocrx_word' id='word_1_103' title='bbox 169 1352 449 1410; x_wconf 80' lang='lat' dir='ltr'>Spitamenta</span> <span class='ocrx_word' id='word_1_104' title='bbox 473 1349 559 1393; x_wconf 90' lang='lat' dir='ltr'>soli</span> <span class='ocrx_word' id='word_1_105' title='bbox 583 1350 705 1392; x_wconf 82' lang='lat' dir='ltr'>laxat</span> <span class='ocrx_word' id='word_1_106' title='bbox 722 1380 734 1401; x_wconf 91' lang='lat'>‚</span> <span class='ocrx_word' id='word_1_107' title='bbox 762 1346 998 1403; x_wconf 89' lang='lat' dir='ltr'>succosque</span> <span class='ocrx_word' id='word_1_108' title='bbox 1025 1357 1247 1389; x_wconf 86' lang='lat' dir='ltr'>tumentes</span> 
     </span>
     <span class='ocr_line' id='line_1_17' title="bbox 170 1424 1334 1491; baseline -0.006 -14"><span class='ocrx_word' id='word_1_109' title='bbox 170 1435 192 1491; x_wconf 90' lang='lat'>(</span> <span class='ocrx_word' id='word_1_110' title='bbox 205 1432 305 1489; x_wconf 72' lang='lat' dir='ltr'>Qua</span> <span class='ocrx_word' id='word_1_111' title='bbox 333 1433 432 1476; x_wconf 89' lang='lat' dir='ltr'>data</span> <span class='ocrx_word' id='word_1_112' title='bbox 456 1429 620 1488; x_wconf 88' lang='lat' dir='ltr'>porta)</span> <span class='ocrx_word' id='word_1_113' title='bbox 646 1428 767 1483; x_wconf 77' lang='lat' dir='ltr'>iubet</span> <span class='ocrx_word' id='word_1_114' title='bbox 794 1426 907 1485; x_wconf 85' lang='lat' dir='ltr'>ligni</span> <span class='ocrx_word' id='word_1_115' title='bbox 930 1427 1158 1470; x_wconf 87' lang='lat' dir='ltr'>succedere</span> <span class='ocrx_word' id='word_1_116' title='bbox 1183 1424 1334 1470; x_wconf 76' lang='lat' dir='ltr'>venis.&#39;</span> 
     </span>
     <span class='ocr_line' id='line_1_18' title="bbox 229 1506 1407 1564; baseline -0.007 -7"><span class='ocrx_word' id='word_1_117' title='bbox 229 1515 338 1557; x_wconf 85' lang='lat' dir='ltr'>Non</span> <span class='ocrx_word' id='word_1_118' title='bbox 356 1525 503 1556; x_wconf 89' lang='lat' dir='ltr'>tamen</span> <span class='ocrx_word' id='word_1_119' title='bbox 521 1511 615 1554; x_wconf 83' lang='lat' dir='ltr'>haec</span> <span class='ocrx_word' id='word_1_120' title='bbox 633 1508 843 1553; x_wconf 88' lang='lat' dir='ltr'>alimenta</span> <span class='ocrx_word' id='word_1_121' title='bbox 860 1515 991 1564; x_wconf 87' lang='lat' dir='ltr'>caput</span> <span class='ocrx_word' id='word_1_122' title='bbox 1016 1506 1199 1551; x_wconf 88' lang='lat' dir='ltr'>sublime</span> <span class='ocrx_word' id='word_1_123' title='bbox 1215 1506 1407 1556; x_wconf 68' lang='lat' dir='ltr'>virentis</span> 
     </span>
     <span class='ocr_line' id='line_1_19' title="bbox 167 1586 1168 1653; baseline -0.01 -13"><span class='ocrx_word' id='word_1_124' title='bbox 167 1596 289 1642; x_wconf 88' lang='lat' dir='ltr'>Ilicis</span> <span class='ocrx_word' id='word_1_125' title='bbox 316 1594 535 1653; x_wconf 85' lang='lat' dir='ltr'>attingent</span> <span class='ocrx_word' id='word_1_126' title='bbox 554 1609 569 1644; x_wconf 87' lang='lat'>;</span> <span class='ocrx_word' id='word_1_127' title='bbox 589 1594 709 1637; x_wconf 86' lang='lat' dir='ltr'>almo</span> <span class='ocrx_word' id='word_1_128' title='bbox 729 1590 810 1636; x_wconf 91' lang='lat' dir='ltr'>nifi</span> <span class='ocrx_word' id='word_1_129' title='bbox 836 1590 983 1636; x_wconf 64' lang='lat' dir='ltr'>mixta&gt;</span> <span class='ocrx_word' id='word_1_130' title='bbox 998 1586 1168 1647; x_wconf 81' lang='lat' dir='ltr'>liquori</span> 
     </span>
     <span class='ocr_line' id='line_1_20' title="bbox 167 1671 1256 1728; baseline -0.008 -6"><span class='ocrx_word' id='word_1_131' title='bbox 167 1677 320 1722; x_wconf 88' lang='lat' dir='ltr'>Latius</span> <span class='ocrx_word' id='word_1_132' title='bbox 344 1679 580 1721; x_wconf 90' lang='lat' dir='ltr'>humorem</span> <span class='ocrx_word' id='word_1_133' title='bbox 606 1675 821 1720; x_wconf 88' lang='lat' dir='ltr'>fermenta</span> <span class='ocrx_word' id='word_1_134' title='bbox 846 1671 1034 1716; x_wconf 86' lang='lat' dir='ltr'>calentia</span> <span class='ocrx_word' id='word_1_135' title='bbox 1059 1671 1224 1728; x_wconf 88' lang='lat' dir='ltr'>pellant</span> <span class='ocrx_word' id='word_1_136' title='bbox 1239 1684 1256 1719; x_wconf 63' lang='grc' dir='ltr'><strong>ς</strong></span> 
     </span>
     <span class='ocr_line' id='line_1_21' title="bbox 168 1749 1272 1817; baseline -0.012 -12"><span class='ocrx_word' id='word_1_137' title='bbox 168 1761 387 1817; x_wconf 87' lang='lat' dir='ltr'>Venaque</span> <span class='ocrx_word' id='word_1_138' title='bbox 413 1757 634 1801; x_wconf 87' lang='lat' dir='ltr'>clufilibus</span> <span class='ocrx_word' id='word_1_139' title='bbox 659 1754 807 1799; x_wconf 84' lang='lat' dir='ltr'>valvis</span> <span class='ocrx_word' id='word_1_140' title='bbox 836 1751 1007 1797; x_wconf 84' lang='lat' dir='ltr'>munita</span> <span class='ocrx_word' id='word_1_141' title='bbox 1035 1749 1272 1809; x_wconf 79' lang='lat' dir='ltr'>regress‘um</span> 
     </span>
     <span class='ocr_line' id='line_1_22' title="bbox 167 1832 1218 1898; baseline -0.01 -12"><span class='ocrx_word' id='word_1_142' title='bbox 167 1840 388 1898; x_wconf 87' lang='lat' dir='ltr'>Impediat</span> <span class='ocrx_word' id='word_1_143' title='bbox 412 1854 427 1889; x_wconf 90' lang='lat'>;</span> <span class='ocrx_word' id='word_1_144' title='bbox 454 1850 602 1880; x_wconf 85' lang='lat' dir='ltr'>ramos</span> <span class='ocrx_word' id='word_1_145' title='bbox 626 1848 677 1879; x_wconf 92' lang='lat' dir='ltr'>ut</span> <span class='ocrx_word' id='word_1_146' title='bbox 701 1847 828 1878; x_wconf 86' lang='lat' dir='ltr'>terrae</span> <span class='ocrx_word' id='word_1_147' title='bbox 855 1835 1006 1879; x_wconf 87' lang='lat' dir='ltr'>succus</span> <span class='ocrx_word' id='word_1_148' title='bbox 1032 1832 1080 1876; x_wconf 90' lang='lat' dir='ltr'>in</span> <span class='ocrx_word' id='word_1_149' title='bbox 1103 1834 1218 1875; x_wconf 85' lang='lat' dir='ltr'>altos</span> 
     </span>
     <span class='ocr_line' id='line_1_23' title="bbox 168 1915 1388 1973; baseline -0.011 -5"><span class='ocrx_word' id='word_1_150' title='bbox 168 1921 405 1968; x_wconf 88' lang='lat' dir='ltr'>Profiliens</span> <span class='ocrx_word' id='word_1_151' title='bbox 425 1921 511 1963; x_wconf 86' lang='lat' dir='ltr'>alat</span> <span class='ocrx_word' id='word_1_152' title='bbox 530 1919 573 1965; x_wconf 77' lang='grc' dir='ltr'>δε</span> <span class='ocrx_word' id='word_1_153' title='bbox 591 1929 794 1962; x_wconf 85' lang='lat' dir='ltr'>truncum</span> <span class='ocrx_word' id='word_1_154' title='bbox 811 1915 1074 1973; x_wconf 84' lang='lat' dir='ltr'>frondesque</span> <span class='ocrx_word' id='word_1_155' title='bbox 1093 1929 1107 1963; x_wconf 90' lang='lat'>·,</span> <span class='ocrx_word' id='word_1_156' title='bbox 1129 1925 1388 1970; x_wconf 83' lang='lat' dir='ltr'>novumque</span> 
     </span>
     <span class='ocr_line' id='line_1_24' title="bbox 170 1994 1196 2056; baseline -0.01 -8"><span class='ocrx_word' id='word_1_157' title='bbox 170 2003 395 2047; x_wconf 63' lang='lat' dir='ltr'>Eluctatus</span> <span class='ocrx_word' id='word_1_158' title='bbox 419 2001 504 2044; x_wconf 85' lang='lat' dir='ltr'>iter</span> <span class='ocrx_word' id='word_1_159' title='bbox 522 1999 701 2056; x_wconf 87' lang='lat' dir='ltr'>stirpem</span> <span class='ocrx_word' id='word_1_160' title='bbox 726 1998 935 2040; x_wconf 87' lang='lat' dir='ltr'>referatur</span> <span class='ocrx_word' id='word_1_161' title='bbox 959 1996 1013 2038; x_wconf 89' lang='lat' dir='ltr'>ad</span> <span class='ocrx_word' id='word_1_162' title='bbox 1034 1994 1196 2038; x_wconf 81' lang='lat' dir='ltr'>imam:</span> 
     </span>
     <span class='ocr_line' id='line_1_25' title="bbox 172 2074 1269 2128; baseline -0.013 1"><span class='ocrx_word' id='word_1_163' title='bbox 172 2084 360 2128; x_wconf 64' lang='lat' dir='ltr'>Aufitior</span> <span class='ocrx_word' id='word_1_164' title='bbox 387 2082 502 2125; x_wconf 88' lang='lat' dir='ltr'>unde</span> <span class='ocrx_word' id='word_1_165' title='bbox 528 2079 627 2123; x_wconf 83' lang='lat' dir='ltr'>vias</span> <span class='ocrx_word' id='word_1_166' title='bbox 656 2079 817 2121; x_wconf 87' lang='lat' dir='ltr'>iterum</span> <span class='ocrx_word' id='word_1_167' title='bbox 846 2078 1043 2119; x_wconf 87' lang='lat' dir='ltr'>decurrat</span> <span class='ocrx_word' id='word_1_168' title='bbox 1067 2074 1269 2123; x_wconf 79' lang='lat' dir='ltr'>easdem3</span> 
     </span>
     <span class='ocr_line' id='line_1_26' title="bbox 173 2153 1410 2222; baseline -0.011 -12"><span class='ocrx_word' id='word_1_169' title='bbox 173 2169 320 2222; x_wconf 86' lang='lat' dir='ltr'>Atque</span> <span class='ocrx_word' id='word_1_170' title='bbox 347 2166 574 2221; x_wconf 89' lang='lat' dir='ltr'>(perenne</span> <span class='ocrx_word' id='word_1_171' title='bbox 599 2158 683 2203; x_wconf 89' lang='lat' dir='ltr'>soli</span> <span class='ocrx_word' id='word_1_172' title='bbox 703 2157 894 2211; x_wconf 89' lang='lat' dir='ltr'>munus)</span> <span class='ocrx_word' id='word_1_173' title='bbox 917 2170 1037 2199; x_wconf 86' lang='lat' dir='ltr'>nova</span> <span class='ocrx_word' id='word_1_174' title='bbox 1061 2155 1217 2211; x_wconf 83' lang='lat' dir='ltr'>pabula</span> <span class='ocrx_word' id='word_1_175' title='bbox 1244 2153 1410 2210; x_wconf 86' lang='lat' dir='ltr'>plantis</span> 
     </span>
     <span class='ocr_line' id='line_1_27' title="bbox 176 2234 1259 2297; baseline -0.011 -8"><span class='ocrx_word' id='word_1_176' title='bbox 176 2245 343 2290; x_wconf 81' lang='lat' dir='ltr'>Afferat</span> <span class='ocrx_word' id='word_1_177' title='bbox 364 2276 377 2296; x_wconf 91' lang='lat'>,</span> <span class='ocrx_word' id='word_1_178' title='bbox 404 2240 621 2297; x_wconf 88' lang='lat' dir='ltr'>absumpti</span> <span class='ocrx_word' id='word_1_179' title='bbox 647 2252 850 2295; x_wconf 88' lang='lat' dir='ltr'>reparans</span> <span class='ocrx_word' id='word_1_180' title='bbox 875 2235 1099 2292; x_wconf 84' lang='lat' dir='ltr'>dispendia</span> <span class='ocrx_word' id='word_1_181' title='bbox 1122 2234 1259 2278; x_wconf 87' lang='lat' dir='ltr'>succi.</span> 
     </span>
     <span class='ocr_line' id='line_1_28' title="bbox 236 2315 1290 2387; baseline -0.008 -20"><span class='ocrx_word' id='word_1_182' title='bbox 236 2326 318 2387; x_wconf 74' lang='lat' dir='ltr'>Ille</span> <span class='ocrx_word' id='word_1_183' title='bbox 346 2335 492 2366; x_wconf 89' lang='lat' dir='ltr'>autem</span> <span class='ocrx_word' id='word_1_184' title='bbox 522 2322 680 2364; x_wconf 89' lang='lat' dir='ltr'>modus</span> <span class='ocrx_word' id='word_1_185' title='bbox 705 2332 755 2362; x_wconf 90' lang='lat' dir='ltr'>ac</span> <span class='ocrx_word' id='word_1_186' title='bbox 779 2317 886 2360; x_wconf 85' lang='lat' dir='ltr'>vitae</span> <span class='ocrx_word' id='word_1_187' title='bbox 913 2316 1065 2358; x_wconf 84' lang='lat' dir='ltr'>divina</span> <span class='ocrx_word' id='word_1_188' title='bbox 1091 2315 1290 2371; x_wconf 85' lang='lat' dir='ltr'>supellex</span> 
     </span>
     <span class='ocr_line' id='line_1_29' title="bbox 179 2396 1268 2459; baseline -0.018 -2"><span class='ocrx_word' id='word_1_189' title='bbox 179 2409 412 2457; x_wconf 83' lang='lat' dir='ltr'>Humanos</span> <span class='ocrx_word' id='word_1_190' title='bbox 438 2405 572 2452; x_wconf 86' lang='lat' dir='ltr'>oculo</span> <span class='ocrx_word' id='word_1_191' title='bbox 595 2402 789 2459; x_wconf 84' lang='lat' dir='ltr'>produnt</span> <span class='ocrx_word' id='word_1_192' title='bbox 814 2399 859 2444; x_wconf 89' lang='lat' dir='ltr'>se</span> <span class='ocrx_word' id='word_1_193' title='bbox 883 2396 988 2443; x_wconf 89' lang='lat' dir='ltr'>teste</span> <span class='ocrx_word' id='word_1_194' title='bbox 1013 2410 1092 2454; x_wconf 85' lang='lat' dir='ltr'>per</span> <span class='ocrx_word' id='word_1_195' title='bbox 1118 2408 1268 2454; x_wconf 72' lang='lat' dir='ltr'>artus,</span> 
     </span>
    </p>
   </div>
  </div>
 </body>
</html>
