1500 2886
107 270 184 342 4⁴0⁸
312 269 1184 327 PRAEDII‘Rvsr'tcr

0 379 60 427 n
102 370 382 428 Praecipitem
399 370 555 425 faciat,
574 385 718 429 neque
738 371 908 415 tardum
927 371 1054 430 pigra
1071 371 1270 416 senecias
1289 383 1302 411 τ

101 453 306 510 Namque
331 453 467 497 senile
492 452 598 498 lic'et
625 453 859 497 tra&andis
888 452 1094 512 congruit
1118 452 1235 511 agris
1471 509 1478 519 f

100 531 343 587 Imperium
356 565 368 585 ,
386 532 686 591 juvenumque
703 548 857 577 manus
871 566 884 597 9
899 545 1048 577 tamen
1065 531 1204 591 usque
1218 526 1481 590 repugnari&

104 611 333 670 Obsequio
356 614 539 667 famuli,
565 615 640 657 seu
666 613 816 668 'junior
841 628 944 658 arva
973 614 1186 672 gubernet
1202 645 1216 667 ‚
1286 643 1290 646 -
1470 599 1477 610 ²

100 692 210 735 Sive
234 693 369 736 senex
386 709 398 737 ε
415 693 526 737 alius
553 692 677 751 quod
695 708 788 738 non
806 695 916 741 bene
935 694 1135 751 praecipit
1155 727 1168 750 ,
1182 678 1293 738 alter

101 774 238 828 Quod
265 774 378 818 nihil
397 775 663 832 exequitur:
688 789 789 818 nam
808 776 906 831 plus
926 776 1130 832 exempla
1148 773 1344 829 jubentis

101 853 250 908 Quam
275 868 496 912 praecepta
518 857 670 899 valent
693 871 708 906 ·,
730 857 775 900 &
797 856 910 900 ruris
938 855 988 899 in
1014 868 1108 899 arte
1134 853 1312 912 colendi

99 935 147 978 Si
172 937 308 992 sapiat
331 938 430 992 plus
458 937 609 981 servus
633 938 742 981 hero
761 970 774 991 ,
800 939 913 981 male
937 936 1040 992 jufl'a
1070 935 1260 981 facesset.

158 1017 350 1062 Villicus
377 1019 422 1061 &
444 1019 551 1063 vitae
579 1033 725 1063 mores
751 1011 1025 1077 operumq'ue
1048 1019 1246 1062 laborem

96 1097 329 1141 Instituens
347 1131 360 1152 ,
385 1110 531 1142 totum
558 1112 681 1142 curas
708 1099 908 1142 extendit
935 1099 983 1141 in
1007 1111 1197 1151 annum,

96 1180 158 1222 Et?
169 1180 273 1236 quid
301 1179 474 1238 quaque
491 1179 561 1223 die
581 1181 875 1238 peragendum
890 1212 904 1234 ‚
921 1179 1105 1237 vespere
1129 1178 1218 1234 jam
1236 1189 1333 1223 tum

94 1259 343 1304 Praemonet
361 1293 374 1313 ‚
391 1272 491 1304 ante
507 1272 609 1304 toro
625 1259 778 1306 famuli
796 1258 926 1318 quam
945 1260 1139 1319 membra
1154 1271 1386 1316 reponant.

86 1348 91 1352 ”
154 1341 351 1386 Ultimus
370 1340 406 1384 it
424 1342 621 1385 cubitum
635 1374 646 1393 ,
668 1339 876 1384 concuffo
894 1340 1067 1383 cardine
1085 1338 1316 1398 postquam

94 1422 223 1466 Vidit
249 1435 396 1465 utrum
429 1434 581 1465 contra
605 1420 845 1463 nodiurnos
872 1419 979 1463 ostia
1003 1419 1122 1463 fures

94 1503 193 1548 Sint
217 1502 386 1546 munita
412 1501 512 1545 satis
527 1535 540 1555 ,
568 1515 690 1544 nova
716 1515 822 1544 num
846 1499 1076 1543 stramenta
1103 1498 1313 1556 cibosque

91 1585 144 1627 In
166 1586 320 1642 longas
347 1567 532 1627 habeant
556 1582 754 1639 hyberna
778 1580 947 1624 bovilia
974 1579 1148 1634 nostesq

89 1666 284 1723 Impiger
308 1667 363 1709 ad
389 1665 558 1722 primos
586 1662 689 1720 galli
713 1663 973 1720 consurgere
998 1675 1150 1706 cantus
1167 1695 1181 1717 ,

89 1747 197 1790 Non
211 1747 383 1803 -patirur
405 1749 551 1789 lentos
578 1746 630 1787 ad
652 1758 765 1802 opus
791 1745 1027 1801 procedere
1052 1744 1236 1794 servos;
1280 1777 1282 1779 .

90 1827 176 1870 Sed
198 1825 317 1881 jubet
333 1859 346 1880 ,
375 1824 571 1868 instantis
595 1827 721 1867 velut
749 1827 802 1867 ad
827 1824 1062 1868 certamina
1086 1807 1222 1878 belli,

88 1906 292 1951 Fortibus
311 1906 376 1949 ire
401 1905 559 1948 animis
579 1921 590 1948 z
613 1907 768 1948 oculos
787 1919 866 1961 per
883 1905 1049 1962 singula
1067 1907 1261 1950 volvens
1278 1913 1297 1960 ‚'
1322 1934 1325 1937 ι

89 1987 230 2044 Urget
258 2000 372 2043 opus
390 2019 402 2039 ‚
428 1986 579 2043 pigros
605 1984 732 2028 dictis
761 1984 934 2044 castigat
960 1985 1125 2029 acerbis

88 2067 316 2125 Agricolas
334 2098 347 2117 ‚
375 2067 519 2108 laudat
543 2066 679 2109 fortes
696 2097 710 2118 ,
738 2079 1012 2122 operumque
1042 2066 1245 2123 peritos·,

86 2146 141 2189 Et
166 2146 340 2202 placito
356 2141 764 2202 longum-recreans
793 2147 994 2190 sermone
1018 2148 1240 2202 laborem,

87 2227 186 2271 Vix
204 2241 385 2285 operam
405 2228 710 2283 Phoebumque
730 2227 829 2270 finit
848 2228 1007 2272 sentire
1026 2231 1271 2276 cadentem.

86 2308 135 2351 Si
161 2308 259 2364 quis
286 2307 370 2350 erit
397 2307 544 2364 quafl'o
569 2310 775 2365 languent
798 2308 869 2351 cui
893 2323 1080 2366 corpore
1103 2311 1224 2354 vires
1242 2344 1256 2364 ,

86 2389 351 2430 Succurrens
371 2388 546 2431 adhibet
563 2389 756 2432 fomenta
773 2420 784 2441 ‚
812 2390 1080 2447 domumque
1099 2390 1284 2434 remittit
1300 2407 1315 2435 :

86 2467 258 2512 Praestat
280 2466 402 2512 enim
424 2468 539 2514 soles
567 2469 1038 2530 aliquot-„requiescere
1061 2470 1237 2517 servum
1254 2501 1267 2521 ,

1172 2548 1317 2605 Quam
