1500 2886
130 280 1354 380 ’ἙΕΞΞΕΞΕῆΜῇΞΞΞΞΕω,

167 458 1299 531 ARGUMENTUM

420 608 778 668 LIBRI
870 588 1045 668 112

114 704 221 813 E
226 767 334 821 QU
358 767 468 809 US.
513 754 644 811 Bos,
696 755 913 823 Vacca,
951 753 1039 808 ubi
1078 752 1139 807 de
1173 751 1352 828 prisca

114 850 427 909 animalium
447 851 658 927 feritate
679 897 700 923 ,
742 851 796 911 δ’
821 854 882 909 de
899 853 1161 928 prioribus
1185 853 1356 908 Ame-

112 954 228 1009 ricae
286 955 490 1011 incolis.
551 945 725 1010 Boum
751 949 755 952 ⁴
784 955 1046 1017 domitura
1085 975 1111 1022 ;
1168 970 1355 1008 mutua

112 1054 364 1110 amicitia.
403 1050 515 1110 Bos
538 1053 738 1130 senior.
769 1051 988 1134 Asinus·
1027 1053 1188 1109 Mula
1207 1096 1228 1123 ,
1265 1049 1354 1108 ubi

113 1155 176 1210 de
237 1176 372 1211 more
428 1154 792 1230 fflspanorum
851 1155 942 1229 qui
995 1174 1137 1209 nunc
1196 1154 1360 1208 etiam.-

113 1256 272 1311 mulis
310 1254 570 1311 vehuntur
589 1278 615 1323 ,·
663 1254 724 1309 de
755 1253 932 1329 prisca
971 1254 1351 1329 Francigenum

112 1356 334 1412 Patrum
373 1353 616 1437 modestia
637 1397 658 1423 ,
702 1351 756 1410 δ’
795 1354 857 1408 de
883 1352 1032 1436 fastu
1070 1355 1353 1410 recentiori.

114 1458 290 1513 Boum
327 1455 488 1511 morbi
528 1475 548 1511 .·
588 1452 816 1509 cruditas
837 1475 861 1523 ,·
888 1450 1052 1526 febris
1079 1476 1103 1521 ;
1143 1453 1353 1508 claudi·
1454 1481 1458 1484 ·

115 1557 251 1613 catio
271 1580 297 1626 ,·
310 1542 516 1632 scabies
535 1577 561 1623 ,·
590 1555 796 1629 coriago
814 1577 840 1622 ,·
868 1571 1090 1610 tumores
1113 1552 1351 1626 ;·hirud0

112 1656 295 1740 hausta
327 1679 354 1726 ,·
407 1655 671 1731 viperinus
709 1654 907 1731 morsus
935 1696 958 1724 ,
1007 1654 1096 1708 ubi
1134 1653 1196 1709 de
1228 1671 1353 1709 rutae

113 1758 434 1832 aliarumque
473 1755 736 1811 herbarum
774 1754 830 1811 vi
851 1796 874 1824 ,
919 1750 973 1810 ἃ
1007 1752 1069 1808 de
1106 1752 1279 1827 lapide
1318 1749 1353 1806 ἀ

102 1857 433 1935 serpentibus
483 1852 614 1909 dicto
638 1877 664 1922 ;
706 1853 863 1936 pestis
890 1895 912 1922 ,
967 1853 1056 1907 ubi
1094 1851 1155 1906 de
1207 1843 1350 1934 Peste

116 1953 441 2038 Maffilierzsi.
467 2005 469 2007 .
491 1956 670 2010 Vaccae
691 1995 713 2023 ,
758 1973 866 2027 quae
903 1952 1122 2007 aluntur
1151 1951 1210 2006 in
1236 1951 1353 2006 Ar-

116 2059 288 2117 vernis
325 2055 586 2112 montibus
628 2097 649 2124 ,
708 2054 797 2108 ubi
834 2052 894 2108 de
933 2052 1089 2107 urina
1132 2071 1297 2109 vaccae
1323 2084 1351 2122 ,

117 2155 147 2239 (
173 2178 282 2233 quae
307 2177 446 2233 aqua
471 2157 610 2213 mille
622 2154 827 2235 florum
854 2153 1045 2208 dicitur
1062 2150 1107 2233 ).

643 2327 845 2513 {zio
