1482 2834
94 233 208 311 308
329 235 664 293 PRAEDII
709 235 1078 293 Rvsrtct

30 348 35 355 ¹
89 333 256 376 Laetior
283 333 447 378 invitet
471 337 645 392 plebem
661 369 673 389 ,
701 338 907 392 coeloque
931 335 1094 378 feratur

94 413 223 456 Grex
240 413 395 456 densus
413 429 427 463 ·‚
448 414 642 458 medium
661 415 749 458 ruit
769 414 1038 471 improvisus
1064 413 1112 472 in
1132 411 1320 470 agmen}
1357 456 1362 457 γ

92 492 430 551 Attonitamque
449 495 579 538 ferox
600 490 722 552 fugat
745 494 793 537 in
817 493 1035 538 contraria
1059 494 1245 536 turbam.

91 572 194 615 Pars
217 573 324 616 latet
348 575 556 618 umbroso
582 575 722 624 saltu·,
747 589 846 632 pars
873 574 1041 617 summa
1066 575 1302 617 domorum

90 652 226 696 Testa
248 653 361 710 petit
385 670 399 704 ·‚
426 657 574 698 multae
600 657 759 699 domos
785 654 977 717 subiere,
1002 668 1085 697 nec
1112 653 1233 710 ipsos

91 735 293 790 (Tantus
319 750 444 779 amor
467 737 573 780 vitae
591 770 603 790 ‚
624 749 772 780 tantus
797 737 934 779 timor
956 735 1094 779 hostis
1107 737 1134 792 )'
1148 744 1326 791 apertos

90 814 318 872 Defugere
344 815 460 859 finus
484 817 735 862 hominum.
761 818 832 860 Tu
856 816 1041 860 crimine
1066 826 1191 858 tanto
1328 805 1331 810 ¹
1456 871 1458 873 Ι

92 894 302 938 Offensus
319 928 332 950 ,
362 911 467 953 cape
492 898 594 941 saxa
617 907 778 951 manu,
807 912 912 955 cape
938 897 1104 953 spicula
1128 894 1328 947 vindex4
1427 877 1472 975 {24

91 977 429 1034 Observansque
445 978 586 1021 ferum
599 1008 611 1029 ‚
639 980 823 1035 plumbo
843 973 1050 1034 transfige
1065 976 1294 1019 volantem
1311 988 1326 1017 z
1444 971 1462 1004 ’ὲ

89 1059 313 1115 Armaque
336 1059 368 1100 fi
393 1059 546 1101 desunt
572 1074 586 1108 ·,
614 1059 734 1116 gestu
749 1090 762 1112 ,
790 1069 863 1110 aut
887 1060 1079 1100 clamore
1101 1054 1265 1099 minaci
1281 1085 1296 1107 ‚

91 1140 294 1183 Infensus
317 1151 430 1183 terre
449 1167 462 1190 ,
489 1140 534 1183 &
558 1140 698 1183 diram
722 1141 879 1196 procul
905 1135 1014 1193 ejice
1040 1136 1222 1194 pestem.

158 1220 358 1263 Annosas
383 1219 518 1262 etiam
542 1232 703 1263 matres
730 1219 996 1277 praesepibus
1020 1230 1116 1261 arce
1132 1231 1146 1260 t

95 1301 212 1343 Nam
225 1332 239 1353 ‚
257 1300 478 1357 placidum
497 1314 760 1358 quamquam
779 1314 915 1359 genus
929 1333 941 1353 ,
961 1294 1200 1343 exitiabilis
1219 1293 1310 1339 urit

96 1380 282 1424 Invidiae
307 1380 428 1424 livor
450 1380 614 1424 steriles
638 1393 765 1424 aetate
789 1380 1011 1424 columbas
1027 1395 1040 1422 :

96 1460 153 1502 Et
170 1491 182 1513 ‚
211 1461 244 1503 fi
267 1473 374 1503 vera
398 1459 506 1504 fides
524 1493 537 1514 ,
563 1461 740 1504 insanos
765 1467 912 1504 me'nte
932 1461 1105 1504 furores
1320 1471 1321 1474 ’
1407 1475 1418 1490 ν
1443 1494 1450 1503 .

93 1539 369 1596 Concipiunt
393 1556 408 1591 ·‚
433 1539 648 1595 juvenum
672 1541 801 1585 nidos
834 1554 965 1598 atque
987 1555 1100 1593 ova,
1124 1539 1327 1597 benignae
1443 1597 1446 1602 ἡ

91 1620 261 1663 Indolis
277 1620 562 1664 immemores
578 1653 591 1675 ,
610 1623 878 1678 populantur
890 1655 903 1675 ,
922 1621 966 1664 δε
981 1621 1131 1664 omnia
1145 1619 1311 1664 vastant
1322 1634 1338 1663 t
1404 1619 1406 1621 ’
1434 1606 1442 1658 Ᾰ

92 1701 231 1754 Quod
253 1701 383 1743 multi
406 1713 456 1743 ut
480 1713 663 1744 caveant
681 1734 693 1754 ,
713 1702 789 1745 ubi
812 1701 927 1755 vidit
953 1700 1145 1758 Cyprius
1171 1703 1262 1743 ales
1474 1732 1479 1750 ,

92 1780 310 1834 Quartam
319 1780 512 1824 hiemem
525 1783 626 1837 (nec
637 1781 756 1824 enim
768 1781 828 1825 est
838 1782 935 1837 plus
949 1794 1137 1837 quatuor
1145 1779 1268 1823 utilis
1281 1758 1445 1848 anno&v

46 1914 48 1916 ,
92 1862 220 1904 Dant
243 1862 287 1903 δε
305 1875 415 1904 avos
430 1893 442 1914 ‚
461 1862 741 1919 proavosque
759 1858 884 1914 neci,
912 1875 993 1904 nec
1010 1860 1201 1918 parcitur
1218 1859 1329 1908 ullis

96 1943 302 1999 Totaque
327 1942 506 1985 mutatis
531 1955 631 1984 cum
655 1942 826 1986 civibus
852 1942 1016 1999 oppida
1039 1953 1228 1987 mutant.

97 2023 305 2066 Insanum
330 2036 385 2064 ne
411 2035 460 2064 tu
484 2035 680 2077 praeceps
705 2021 878 2065 imitere
901 2023 1097 2066 furorem
1114 2037 1128 2066 t

96 2101 230 2145 Parce
250 2134 263 2154 ‚
293 2115 376 2144 nec
399 2101 595 2144 insontes
623 2115 714 2142 uno
739 2115 822 2157 pro
848 2101 1033 2145 crimine
1058 2103 1226 2145 multos

100 2183 227 2225 Dede
252 2181 349 2224 neci
375 2197 385 2223 :
413 2192 537 2223 tanto
564 2180 711 2223 minor
737 2180 796 2223 est
818 2180 977 2235 injuria
1001 2183 1179 2227 damno,
1232 2178 1235 2180 ’

160 2262 633 2319 Atque-columbarum
658 2258 803 2318 pateat
829 2262 918 2318 quo
947 2264 1110 2306 certior
1135 2276 1235 2308 aetas
1252 2279 1271 2308 t
1314 2259 1318 2296 ἶ

97 2345 280 2395 Unum,
305 2345 408 2385 dum
433 2356 611 2385 teneros
637 2342 829 2386 retinent
853 2340 1234 2401 cunabula‘pullos
1249 2375 1264 2397 ‚
1305 2371 1315 2378 -

96 2424 303 2482 Unguem
322 2423 463 2467 adime
476 2454 488 2476 ,
507 2436 639 2480 atque
655 2422 790 2468 alium
803 2424 966 2480 pariter
983 2424 1176 2471 rescinde
1192 2421 1424 2483 quotannis
