1500 2834
497 267 794 326 LIBER
835 264 956 325 VI.
1233 274 1346 346 1491

94 365 305 413 {At-boreis
333 370 509 427 qualem
532 371 683 414 visum
710 369 772 414 est
801 369 1004 429 affingere
1029 363 1158 411 venis
1174 381 1188 410 ε

26 442 29 444 v
96 451 300 508 Namque
323 451 391 494 sui
418 453 590 509 semper
613 453 779 494 Natura
804 450 1026 494 simillima
1042 482 1056 504 ,
1078 459 1208 493 textu

106 531 393 588 Simpliciore
423 532 600 590 quidem
625 532 699 575 sed
722 545 818 575 non
846 531 1019 575 diversa
1042 531 1233 583 secuto,'

103 611 357 658 Plantarum
376 614 518 658 vitam
537 614 846 671 pecudumque
870 612 1108 670 virumque
1131 619 1303 658 tueturs

158 694 274 748 Quis
291 695 481 738 medicas
498 694 702 738 adhibere
717 708 872 738 manus
887 693 978 749 jam
993 693 1158 749 nesciat
1173 692 1303 751 aegris

97 774 341 818 Arboribus
357 790 369 818 :
386 789 530 832 neque
546 774 667 818 enim
685 776 896 834 languent
911 806 925 828 ‚
945 774 978 817 fi
993 762 1230 818 commoda
1245 775 1375 818 tellus

96 853 291 896 Sufficiat
318 854 492 901 succum
510 887 523 908 ,
551 855 623 899 cui
647 855 701 899 fit
722 855 800 900 via
826 854 965 899 libera
993 854 1126 899 ramis
1142 871 1159 905 ;

96 935 192 978 Nec
217 935 404 997 subeunt
427 935 635 980 alimenta
650 969 663 990 ,
689 935 771 980 nifi
795 935 1026 981 fecundior
1054 938 1217 980 almam

30 1012 33 1053 ἶ
63 1056 67 1057 ⁷
96 1015 253 1059 Diluat
270 1016 413 1062 imber
430 1017 619 1064 humum
639 1033 652 1063 ε
671 1017 794 1062 ficcis
811 1017 916 1062 hinc
933 1018 1164 1063 frondibus
1183 1027 1278 1063 aret

96 1097 210 1151 Quae
236 1099 384 1141 nullos
410 1097 522 1142 bibit
546 1112 646 1143 orta
667 1113 820 1143 recens
846 1099 1068 1143 arbuscula
1094 1099 1221 1143 rivos
1237 1115 1255 1150 ·,

94 1178 289 1223 Grandis
313 1179 434 1223 enim
452 1180 532 1224 fibi
553 1180 711 1238 quaerit
730 1195 862 1239 aquas
880 1181 1036 1224 tellure
1054 1181 1242 1226 latentes
1256 1212 1271 1235 ,

95 1261 242 1304 Altius
270 1260 468 1305 immiffis
494 1275 600 1319 agro
627 1255 846 1304 radicibus
873 1261 1020 1304 arbor.

157 1343 281 1387 Hinc
297 1345 454 1401 procul
473 1343 683 1388 extremis
700 1342 915 1387 Americae
930 1342 979 1386 in
996 1340 1161 1387 finibus
1178 1375 1192 1397 ‚
1214 1355 1338 1388 oram

99 1425 370 1483 AEquoream
399 1437 614 1482 propter,
641 1423 811 1469 medius
838 1425 904 1469 sol
932 1424 1138 1470 imminet
1165 1425 1265 1469 urbi

96 1507 244 1562 Quam
263 1507 414 1551 dixere
434 1507 606 1550 Limam
624 1506 824 1551 :Phoebo
843 1506 1056 1564 propiore
1079 1509 1274 1552 calentes

98 1589 336 1646 Temperat
361 1603 465 1632 aura
489 1589 583 1633 dies
600 1621 614 1643 ,
635 1604 733 1646 quae
751 1588 910 1647 frigida
927 1587 1057 1634 man'e
1076 1589 1334 1648 propinquo

98 1669 245 1726 Spirat
269 1671 320 1712 ab
344 1670 529 1713 Oceano
550 1660 722 1727 {quum
741 1670 939 1727 Vespere
958 1669 1061 1714 laffa
1082 1670 1256 1728 quievit
1271 1702 1286 1724 ,

96 1749 301 1793 Succedit
324 1750 557 1809 variatque
580 1751 704 1795 vices
730 1751 909 1795 adversa
927 1784 940 1805 ,
970 1752 1156 1796 nivosos
1185 1775 1191 1780 ’
1252 1788 1256 1791 ,

96 1832 210 1886 Quae
231 1844 405 1876 montes
426 1833 679 1892 gelidosque
695 1835 873 1878 madens
889 1833 1150 1891 praeterfluit
1166 1848 1337 1884 amnes.

157 1913 519 1976 Perpetuoscives
540 1914 601 1958 ibi
622 1915 742 1959 Vere
760 1915 964 1959 fruuntur
986 1931 1000 1967 3
1023 1916 1068 1960 &
1088 1931 1231 1962 annus

96 1991 281 2037 Labitur
303 1995 439 2052 usque
466 1995 534 2038 sui
558 1995 711 2040 fimilis
731 2011 743 2040 :
763 1996 859 2040 filet
882 1998 1012 2040 arbor
1027 2030 1041 2051 ,
1070 1998 1218 2043 amico

69 2081 74 2086 ’
94 2077 238 2121 fonte
258 2089 406 2120 carens
423 2109 435 2130 ‚
455 2075 590 2121 flores
610 2078 762 2121 eadem
786 2076 1035 2135 frustusque
1059 2078 1244 2137 rigantis

41 2139 44 2142 Δ
94 2156 316 2214 Agricolae
335 2156 450 2213 parit
468 2156 649 2203 arbitrio
669 2174 684 2209 ;
703 2170 938 2216 totumque
958 2173 1037 2216 per
1055 2174 1221 2204 annum

94 2239 255 2281 Nullus
282 2239 334 2282 ab
361 2236 517 2282 innubi
539 2236 647 2283 licet
670 2239 833 2284 aethere
858 2239 1030 2284 decidat
1056 2241 1198 2286 imber
1214 2274 1230 2297 ‚

94 2321 203 2364 Non
222 2332 346 2364 arent
364 2332 513 2366 tamen
530 2335 635 2366 arva
655 2321 752 2367 fiti:
772 2321 846 2367 sed
861 2321 1085 2367 hiantibus
1106 2323 1301 2370 haustam

94 2387 160 2445 Ut
184 2401 331 2459 puteis
355 2401 585 2460 lympham
611 2403 755 2447 multo
783 2402 940 2447 sudore
967 2416 1047 2461 per
1069 2404 1229 2449 hortos

101 2477 360 2542 spargimus
381 2497 396 2534 ;
415 2481 464 2528 in
481 2480 608 2529 rivos
627 2482 690 2528 ita
709 2497 789 2542 per
807 2484 898 2532 sata
913 2483 1095 2545 pinguia
1114 2488 1275 2531 ducunt

969 2566 1017 2613 K
1047 2565 1095 2622 iij
