1482 2834
494 235 1081 302 'LzBEn-X1141-
1243 241 1374 313 '293‘-

129 334 188 384 Εἰ
208 344 365 398 procul
389 355 513 389 extat
535 345 661 402 aquis
676 377 689 398 ‚
716 344 887 389 hostem
915 340 1139 387 frustratus
1166 335 1218 380 ab
1242 338 1334 379 alto
1372 344 1379 374 ἰ

129 421 372 480 Delapsum
390 458 403 478 ‚
431 427 476 470 &
500 426 683 470 madidis
710 427 988 470 revelantem
1015 419 1179 464 tardius
1204 416 1303 462 alis.

196 506 327 548 Culta
344 519 529 564 vagetur
552 521 656 551 anas
683 521 763 564 per
779 520 879 550 rura
899 519 914 554 ε
936 504 1010 548 sed
1027 500 1150 545 anser
1167 499 1305 541 alatur
1370 506 1375 509 ’

131 581 345 629 Ρτεείεᾶο
369 585 543 630 custode
568 602 582 632 ε
610 587 727 631 satos
756 601 859 630 nam
884 584 1096 628 morsibus
1123 592 1253 639 agros

131 664 391 709 Demolitur
413 667 525 710 edax
539 697 554 721 ,
580 666 625 710 &
649 667 793 710 adurit
816 665 1007 708 stercore
1031 673 1157 719 prata
1171 692 1186 714 ,

130 743 279 800 Atque
303 745 545 790 obluctatus
568 745 721 790 solidis
747 745 997 788 anserculus
1022 741 1197 791 lici-bis,

130 824 367 882 Abrumpit
388 825 545 869 misere
569 827 736 869 collum
753 857 766 879 ‚
792 822 1073 881 moriensque
1101 820 1255 865 voraci

130 904 331 949 Gramen
357 905 406 949 in
432 921 510 950 ore
539 919 661 950 tenet
689 906 887 950 nondum
912 907 1069 949 tellure
1094 902 1340 947 revulsum-¹

189 985 376 1030 Mutuus
401 986 641 1031 amnicolas
672 986 886 1032 constanti
909 986 1076 1030 foedere
1103 985 1252 1041 pullos

127 1064 154 1110 J
158 1066 285 1124 ungit
312 1081 438 1111 amor
457 1084 469 1111 :
491 1067 617 1112 fimul
640 1067 872 1112 herbiferis
891 1065 1133 1124 spatiantur·
1156 1064 1204 1107 in
1223 1062 1370 1122 agrisg

130 1147 469 1205 Turmatimque
488 1149 612 1192 {acus
639 1149 683 1192 &
701 1148 844 1192 dulcia
868 1148 1021 1191 balnea
1047 1155 1264 1204 quaerunt.

191 1229 299 1271 Non
324 1243 375 1272 ea
399 1228 630 1286 pullastros
655 1242 745 1286 pax
773 1229 818 1272 δι
844 1226 1080 1271 concordia
1107 1228 1246 1284 gallos

128 1307 319 1366 Colligit
345 1323 358 1351 ε
385 1319 569 1351 aeternas
595 1319 803 1351 exercent
826 1306 1044 1365 unguibus
1072 1305 1191 1355 iras·,

129 1389 276 1444 Atque
303 1386 381 1431 ubi
408 1387 571 1431 rivales
601 1386 718 1431 inter
741 1384 910 1440 majora
932 1398 1174 1430 moventur

129 1466 219 1511 Pro
245 1466 390 1525 gregis
415 1466 608 1524 imperio
624 1499 637 1520 ‚
664 1466 781 1510 dulci
805 1481 888 1524 pro
914 1465 1103 1524 coniuge
1124 1499 1136 1520 ,
1163 1467 1307 1517 benev,

128 1549 226 1593 Nec
250 1549 482 1593 dominum
507 1563 590 1593 nec
614 1550 773 1593 habere
796 1563 948 1607 parem
974 1548 1149 1594 cristata·
1163 1548 1366 1593 volucris

131 1630 155 1674 J
160 1643 229 1673 am
248 1630 438 1686 patitur;
454 1629 685 1688 fixumque
699 1643 847 1674 manet
861 1632 936 1675 vel
954 1630 1163 1688 sanguine
1182 1643 1367 1689 regnum

131 1709 343 1763 Quaerere
361 1741 375 1762 ,
400 1711 476 1754 vel
504 1712 624 1754 claro
650 1710 791 1755 vitam
817 1711 1096 1756 committere
1122 1712 1213 1756 fato
1235 1728 1249 1761 ;

133 1790 242 1833 Non
265 1790 394 1834 filvas
411 1823 424 1843 ‚
452 1805 545 1835 non
569 1803 691 1836 antra
714 1805 872 1850 petunt
899 1793 1060 1836 secreta
1077 1825 1090 1845 ,
1115 1793 1188 1838 sed
1210 1791 1324 1850 ipsas

132 1871 256 1915 Inter
281 1871 446 1915 chortis
471 1887 576 1917 aves
594 1906 607 1928 ,
635 1888 820 1932 quarum
843 1874 1073 1932 praesentia
1099 1873 1220 1918 vires

135 1951 395 1996 Exstimulat
410 1985 424 2006 ‚
449 1955 594 2010 placet
618 1954 805 2013 ancipiti
836 1955 1102 1999 contendere
1130 1954 1270 1999 heum·
1335 1963 1338 1965 ’

197 2034 327 2075 Colla
352 2032 496 2091 rigent
518 2033 684 2078 hirsuta
706 2034 821 2090 jubis
837 2066 850 2088 ,
882 2034 1070 2091 palearia
1095 2045 1250 2078 mento

134 2112 248 2158 Dira
273 2113 429 2156 rubent
453 2128 466 2157 ε
492 2127 648 2172 pugnae
674 2114 884 2172 praeludia
909 2115 1027 2158 nulla
1043 2147 1056 2168 ,
1085 2114 1160 2158 sed
1182 2114 1314 2158 ambo

135 2184 339 2239 Partibus
368 2195 556 2238 adversis
583 2194 699 2239 fabio
727 2195 853 2239 simul
885 2195 1051 2253 impete
1076 2196 1195 2240 duris

136 2276 320 2321 Pectora
344 2275 593 2332 pectoribus
619 2275 824 2333 quatiunt
840 2310 853 2331 ‚
878 2276 1051 2322 hostilia
1074 2276 1224 2322 rostris

138 2355 294 2399 Rostra
313 2367 467 2412 petunt
482 2387 494 2409 ,
511 2354 765 2414 strictosque
785 2358 1005 2414 repulsam
1022 2358 1240 2417 unguibus
1257 2362 1445 2417 ungues&

139 2436 316 2479 Avulsae
341 2435 536 2479 volitant
560 2437 722 2493 plumae
747 2453 758 2481 :
792 2450 924 2481 cruor
951 2437 1102 2497 irrigat
1124 2451 1273 2489 artus3

142 2517 341 2561 Necdum
358 2515 473 2562 odiis
487 2548 501 2572 ‚
518 2516 679 2576 iraeque
695 2517 844 2563 datum
859 2518 961 2564 satis
974 2551 987 2576 ,
1005 2519 1183 2564 horrida
1193 2522 1378 2566 necdum

1015 2599 1057 2644 T
1087 2598 1136 2655 iij
