1482 2834
126 242 245 317 {252
347 234 699 298 PRAEDII
743 228 1119 291 Rvsrtci

128 335 170 378 It
195 334 343 378 senior
362 366 374 389 ‚
399 335 628 395 glebasque
644 347 799 379 movet
819 350 830 379 :
853 334 971 378 subit
987 318 1142 378 ordine
1158 323 1303 392 longo

129 412 567 460 Indistinfflicohors
587 447 602 470 ,
629 415 672 460 δι
700 415 880 472 pastibus
909 427 1052 473 aequat
1077 426 1271 458 euntem.

128 496 211 540 Ille
230 496 404 541 animos
424 497 536 556 regit
549 531 560 550 ‚
582 510 712 555 atque
732 498 949 542 interdum
971 496 1138 541 lumina
1155 495 1349 549 Ηεᾶεηε,

130 576 355 621 Admonet
380 578 609 621 herbarum
634 579 781 623 versas
809 579 1032 636 ostendere
1058 580 1176 623 coelo

118 657 316 719 'Radices
334 690 347 710 ‚
374 672 528 716 urgere
548 673 727 715 operam
749 691 763 714 ‚
790 661 891 703 dum
913 659 1062 703 nubila
1082 660 1276 716 pendent
1291 689 1307 714 ,

130 736 279 781 Altius
307 738 352 781 &
376 739 493 782 ferro
519 753 744 796 penetrare
772 742 818 801 in
843 742 1008 785 viscera
1037 754 1178 784 terrae.

131 817 293 862 Fervet
319 832 432 876 opus
453 836 465 863 ε
494 835 617 864 mora
642 823 760 864 nulla
786 821 896 865 viris
919 838 931 866 z
955 822 1075 865 allisa
1099 822 1267 866 bidenti

134 898 248 943 Saxa
266 899 422 943 sonant
443 916 455 945 ε
479 901 592 944 levis
615 901 661 944 in
679 904 881 946 cumulos
901 903 1126 960 consurgit
1145 917 1274 946 arena
1293 908 1311 960 ·‚J

133 964 348 1037 Nudaque
366 1012 381 1034 ‚
403 981 573 1024 defossa
600 983 763 1025 circum
792 985 947 1027 tellure
966 1016 979 1036 ,
1007 984 1133 1042 Lyaei

135 1060 272 1102 Crura
300 1072 453 1117 patent
471 1093 483 1113 ‚
511 1061 681 1105 Phoebo
707 1063 865 1106 melius
891 1050 1076 1107 fruitura
1101 1064 1283 1112 calc-,mk

195 1139 401 1184 Testhilis
427 1140 593 1186 interea
619 1157 745 1200 cepas
764 1176 776 1196 ‚
807 1145 850 1187 &
876 1145 1041 1189 olentia
1068 1147 1154 1189 late

136 1220 254 1264 Allia
279 1221 364 1264 fert
380 1253 393 1275 ,
420 1224 631 1280 rapasque
656 1224 767 1268 viris
791 1241 801 1268 ι
825 1225 1107 1269 discumbitur
1131 1212 1260 1270 ulmo

137 1302 227 1345 Sub
253 1304 400 1359 patula
419 1335 433 1356 ,
457 1303 565 1346 facit
587 1305 718 1348 herba
742 1317 898 1355 toros;
926 1321 1006 1350 nec
1030 1307 1176 1364 lignea
1200 1305 1332 1351 ceffat

138 1384 366 1440 Amphora
384 1398 548 1441 perque
565 1398 717 1428 manus
737 1418 749 1438 ‚
776 1400 854 1442 per
873 1387 916 1428 ὅ(
935 1400 1012 1429 ora
1028 1387 1212 1430 calentia
1237 1386 1342 1430 ferri
1359 1393 1377 1441 ‚⁹

140 1464 391 1529 Purpureos
416 1465 600 1510 fundens
626 1465 826 1522 resupina
854 1466 900 1508 in
921 1479 1106 1524 >guttura
1133 1467 1309 1512 fluctus.

141 1549 285 1590 Coena
309 1546 459 1590 brevis
485 1563 496 1591 ε
521 1560 735 1591 revocant
761 1547 844 1592 fixi
867 1550 1024 1592 tellure
1050 1549 1256 1607 ligones:

142 1627 377 1687 Surgitur,
404 1627 447 1670 &
470 1626 590 1671 vires
617 1642 724 1684 quas
751 1629 853 1671 dant
877 1628 954 1673 fibi
981 1630 1136 1685 pocula
1153 1661 1166 1680 ‚
1188 1627 1276 1672 viti
1349 1643 1357 1650 “

141 1709 408 1765 Impendunt
425 1740 438 1761 ,
469 1722 519 1752 ac
542 1707 648 1751 vina
671 1709 780 1753 ferat
806 1709 987 1753 meliora
1014 1722 1263 1766 precantur.

202 1790 315 1852 Sunt
340 1788 417 1846 qui
441 1790 542 1833 laxa
565 1801 715 1847 regant
741 1789 856 1832 inter
882 1789 1032 1833 vineta
1058 1788 1273 1844 juvencos
1288 1804 1311 1841 ς

142 1870 400 1927 Sumptibus
426 1882 475 1915 ut
498 1883 676 1927 parcant
693 1903 705 1923 ‚
734 1872 777 1914 &
803 1883 944 1915 aratro
971 1869 1143 1928 parcius
1167 1878 1353 1930 agrum}¹

105 1942 107 1945 ¹
143 1931 194 1995 si
220 1966 313 1995 non
337 1951 491 1996 utilius
508 1980 524 2000 ‚
555 1951 753 2009 subigant
778 1966 788 1994 :
818 1966 914 2008 quae
940 1966 1100 1996 vomer
1124 1953 1271 1996 omifit
1288 1984 1309 2008 ,

143 2032 431 2091 Prosequitur
455 2031 608 2077 Foffor
632 2030 772 2087 spatia
796 2030 1025 2086 interjeCia
1050 2032 1235 2078 bidenti.

205 2113 331 2158 Vitis
356 2112 434 2157 ubi
458 2125 624 2156 vernos
652 2111 784 2154 sentit
808 2111 1012 2155 rediviva
1042 2114 1210 2158 calores
1228 2144 1245 2167 ‚

116 2175 118 2178 v
145 2194 380 2238 Continuo
408 2190 648 2250 lachrymis
675 2191 830 2235 oculos
855 2189 1012 2236 suffusa
1039 2203 1263 2237 tumentes

145 2274 341 2318 Stillanti
366 2274 479 2332 rigat
506 2274 644 2316 imbre
669 2272 813 2315 solum
830 2302 843 2324 ‚
870 2270 1108 2329 nodkesque
1133 2273 1312 2331 diesque

116 2393 131 2407 .,
148 2354 497 2411 Collachrymat.
526 2352 708 2397 Fluidos
731 2351 780 2395 in
803 2352 980 2396 vascula
1005 2353 1150 2412 cogite
1174 2353 1303 2399 fletus
1319 2377 1339 2408 ς

114 2415 125 2420 ’
146 2434 371 2497 Agricolae
398 2451 412 2481 z
439 2435 621 2479 morbos
646 2435 881 2480 oculorum
903 2433 1052 2480 viteus
1074 2434 1235 2485 humor
