1500 2834
121 254 235 310 124
366 233 694 293 PRAEDII
736 233 1112 293 RUSTICI

112 337 294 383 Grande
311 337 440 380 decus
458 352 471 386 ·‚
493 337 569 380 seu
584 337 708 380 tonsa
725 350 873 380 comas
893 331 1362 392 curvamine-'pulchro

110 419 322 462 Fleffltur
337 451 350 472 ‚
382 418 427 461 &
450 419 611 477 longos
636 417 832 461 imitatur
856 417 1039 462 fornicis
1068 430 1220 461 arcus:

110 501 199 544 Seu
227 498 521 556 labyrinthaeo
546 513 639 543 non
666 498 937 543 observabile
966 498 1089 542 flexu

109 580 278 622 Turbat
303 579 419 630 iter3
441 582 562 638 quod
586 581 617 623 fi
646 581 835 624 tenebris
863 580 962 637 quis
987 591 1140 637 captus
1167 575 1358 621 amoenis

112 660 364 718 Ingreditur
380 693 393 714 ,
418 660 502 704 vix
525 662 569 704 se
599 660 826 705 dubiarum
853 646 1035 718 ambage
1058 658 1235 703 viarum

105 739 327 796 Expediet
352 757 367 793 ;
392 741 466 784 sed
490 755 569 798 per
593 743 723 785 calles
750 741 909 784 errabit
938 740 1112 784 eosdem
1131 772 1146 793 ‚

111 821 360 879 Ambiguos
385 822 577 867 referens
601 823 675 866 sua
703 836 780 879 per
804 821 987 879 vestigia
1014 819 1193 878 greffus.

173 902 415 947 Jucundam
436 903 585 946 vicina
610 904 746 946 domo
773 916 951 960 quoque
980 901 1135 944 sufficit
1158 901 1360 944 umbram

112 983 274 1026 Morus
292 998 307 1032 ·,
327 995 370 1026 at
388 983 464 1027 illa
483 996 622 1026 comae
641 984 826 1039 longum
846 995 939 1024 non
953 981 1096 1025 servat
1111 982 1361 1026 honorem:

113 1064 317 1120 Namque
343 1063 616 1107 renascentes
641 1062 716 1106 ubi
742 1063 858 1105 misit
882 1062 929 1104 in
956 1062 1054 1105 a'era
1078 1062 1255 1105 frondes
1273 1093 1287 1114 ‚

113 1144 240 1187 Dura
262 1145 504 1201 puellarum
529 1156 682 1187 manus
709 1141 835 1186 instat
852 1174 863 1195 ‚
888 1143 932 1186 &
957 1143 1111 1185 arbore
1137 1156 1297 1185 vernas

113 1225 258 1268 Tollit
281 1239 389 1281 opes
407 1257 420 1278 ,
448 1223 589 1267 avidis
615 1225 787 1266 dulcem
811 1222 1083 1265 bombicibus
1109 1223 1268 1266 escam.

114 1305 255 1350 Triste
269 1305 447 1363 quidem
458 1337 472 1358 ‚
488 1305 561 1348 sed
577 1318 669 1347 non
681 1316 829 1347 tamen
842 1303 1120 1366 irreparabile
1136 1305 1366 1354 dar-nnum3

115 1387 165 1429 Si
190 1385 338 1429 reduci
358 1399 457 1429 cum
477 1385 631 1429 fronde
649 1386 805 1428 decens
826 1399 1002 1442 quoque
1018 1385 1159 1428 forma
1174 1386 1362 1431 rediret}

116 1467 204 1510 Sed
226 1469 366 1510 lacera
390 1465 490 1510 ficei
514 1467 706 1530 pendent
730 1480 788 1509 ex
813 1467 965 1509 arbore
990 1466 1130 1520 rami,

117 1549 249 1602 Quos
274 1561 476 1604 properae
500 1561 642 1591 verno
666 1537 841 1604 fragiles
867 1547 1053 1589 humore
1078 1548 1235 1604 puellae

114 1628 353 1672 Decuss‘ere
378 1643 526 1672 manu.
553 1629 653 1671 Vos
680 1626 710 1671 ὃ
735 1631 744 1672 !
770 1627 869 1670 dein
897 1626 1060 1684 parcite
1086 1627 1270 1679 summis

116 1710 366 1754 Frondibus
384 1742 397 1762 ‚
425 1711 468 1752 δε
493 1708 607 1752 laeva
632 1708 776 1765 capita
802 1707 1028 1752 indetonsa
1053 1713 1284 1760 tenentes‚'
1332 1720 1338 1725 ⁴

118 1790 360 1835 Flexibiles
388 1788 513 1833 ducta
536 1789 686 1847 virgas
720 1787 910 1832 abradite
937 1787 1120 1837 dextr÷⁸13

116 1873 188 1916 Ne
214 1871 391 1928 praecisa
418 1885 566 1913 comas
593 1871 787 1913 scabrum
813 1880 942 1926 caput
965 1867 1141 1912 horrida
1168 1881 1320 1914 morus

119 1954 281 1997 Exerat
298 1985 310 2006 ‚
342 1953 386 1996 &
408 1951 528 2008 turpi
551 1951 793 2008 reprimens
818 1951 983 1994 hastilia
1012 1952 1132 1994 nodo
1147 1983 1161 2004 ,

118 2033 376 2077 Indecorem
402 2031 496 2075 rara
521 2044 721 2075 truncum
745 2030 828 2074 vix
853 2043 1057 2089 contegat
1083 2029 1254 2077 umbra.

180 2115 318 2169 Quod
343 2112 546 2156 domibus
573 2126 721 2169 quaero
739 2143 752 2165 ,
779 2111 865 2155 toti
891 2114 1022 2155 decus
1049 2114 1202 2156 addere
1220 2124 1361 2170 regno

119 2196 238 2251 Lege
263 2192 360 2237 data
388 2193 536 2237 voluit
562 2192 767 2249 Princeps
796 2207 810 2241 ;
841 2207 975 2249 quum
1002 2193 1127 2237 strata
1154 2194 1327 2237 viarum

120 2273 363 2318 Arboribus
387 2273 505 2331 cingi
529 2273 682 2330 pofitis
706 2273 810 2316 hinc
836 2273 934 2316 inde
958 2276 1162 2330 jubebar,

123 2354 302 2400 Grande
328 2352 494 2398 viatori
519 2355 740 2411 quondam
766 2353 960 2396 solamen
985 2353 1032 2396 in
1056 2354 1158 2396 aestu
1176 2387 1189 2408 ,

119 2437 218 2480 Nec
242 2434 466 2480 modicum
481 2464 496 2489 ,
528 2433 653 2492 ligno
677 2433 768 2490 jam
794 2432 1023 2479 deficiente
1043 2452 1057 2489 ς
1082 2432 1267 2480 caminis
