1500 2886
110 263 195 343 56
357 261 1101 325 PRAEMTRv-smct
1163 262 1166 263 ⁷

114 365 203 406 Aut
224 378 282 407 ex
307 365 468 408 militia
496 368 685 423 praedam
710 366 867 423 cepiffe
894 372 1155 421 cruentam·,‘
1213 363 1217 368 ’

115 444 168 486 Et
192 446 400 503 lacrymis
425 447 633 504 luc'tuqu'e
659 448 807 491 virum
834 448 1041 492 ditescere
1065 449 1228 501 malre,·
1258 453 1263 458 ’

115 524 263 579 Quam
280 525 434 583 spoliis
450 530 502 573 ab
518 530 657 572 humo
673 531 762 574 fine
777 530 827 574 vi
844 531 963 583 ‚fine
980 529 1163 574 crimine
1179 527 1346 586 raptis?

175 605 343 651 Felices
363 609 566 666 equidem
585 642 598 663 ‚
629 611 742 654 ruris
763 611 794 654 fi
814 613 1049 654 commoda
1070 610 1222 654 norint
1241 642 1255 663 ‚

117 685 338 744 Virgilius
363 690 482 731 canit
506 690 765 748 Agricolas·‚
790 705 833 734 at
858 692 991 735 sidera
1015 691 1138 735 nosse

117 766 305 820 Manet,
339 769 383 810 ὅ(
409 771 600 813 occultas
627 772 802 815 Naturae
829 774 1031 815 accedere
1057 785 1219 828 partes.

117 847 347 906 Egregiam
371 847 481 892 vero
506 850 669 893 sortem
698 855 707 896 !
739 851 823 908 qua
849 853 976 895 rebus
1002 852 1050 894 in
1074 853 1200 895 usum

120 928 305 972 Laetitiae
331 930 443 973 natis
469 930 664 974 animum
696 931 937 982 cruciaret;
964 934 1019 999 .&
1043 935 1171 977 orbes

121 1009 294 1054 Anxius
321 1011 534 1055 aethereos
564 1013 670 1055 coeli
695 1014 909 1058 scrutator
934 1015 1079 1058 obiret
1099 1048 1111 1067 ‚

94 1115 103 1133 .·
120 1091 174 1132 In
191 1090 336 1134 varias
355 1105 517 1148 cogens
535 1124 547 1144 ‚
574 1092 706 1135 instar
724 1093 864 1136 Ducis
882 1124 894 1145 ,
927 1093 1033 1136 astra
1053 1095 1259 1138 cohortes
1276 1110 1293 1144 ς

123 1173 246 1216 Dum
271 1172 429 1216 fruitur
452 1171 588 1217 stellis
616 1174 660 1217 &
686 1174 828 1218 amica
852 1174 982 1218 noste
1010 1177 1213 1219 colonus.

185 1251 272 1296 Hic
292 1254 399 1296 laeto
423 1253 498 1296 sub
525 1254 626 1297 sole'
641 1255 782 1298 boves
807 1269 886 1311 per
909 1267 1031 1312 prata
1054 1267 1265 1314 vagantes

123 1332 323 1389 Aspicit3
357 1335 401 1377 δε
426 1335 780 1379 terrae-florentis
806 1336 999 1400 imagine
1025 1338 1198 1394 gaudet.

123 1415 204 1456 Ille
230 1427 390 1458 acuens
419 1414 542 1458 vitro
568 1416 780 1471 speculari
807 1416 974 1460 lumina
994 1449 1007 1470 ,
1037 1416 1162 1459 floris

128 1495 347 1548 Quaeritat
373 1494 420 1537 in
440 1495 610 1552 gremio
636 1496 814 1552 putrive
833 1497 1041 1540 cadavere
1061 1530 1075 1550 ‚
1101 1497 1230 1541 nudis

128 1576 240 1630 Quae
259 1587 484 1632 nequeunt
503 1576 643 1619 oculis
663 1576 868 1620 animalia
886 1591 1021 1633 parva
1039 1577 1199 1622 videri.

166 1656 390 1700 ·Rusticus
415 1657 603 1701 herboso
630 1657 818 1701 refidens
842 1657 890 1701 in
915 1658 1066 1701 littore
1090 1659 1214 1711 rivi,

129 1738 236 1781 Non
263 1749 394 1792 caput
421 1737 464 1780 &
484 1751 617 1780 caecas
638 1737 714 1780 sub
734 1737 871 1782 humo
891 1737 1073 1781 rimatus
1093 1751 1324 1796 aquarum·

130 1817 329 1874 Ancipiti
356 1817 526 1861 ratione
550 1816 648 1860 vias
665 1850 678 1867 ,
710 1818 885 1862 accersit
911 1818 962 1861 ab
986 1820 1079 1862 alto

129 1899 365 1955 Per-petuas
393 1900 550 1957 pelago
575 1898 757 1949 fontes·,
787 1900 859 1943 sed
886 1911 1102 1943 concavat
1127 1902 1274 1944 ambas
1317 1931 1321 1938 «

98 1980 182 2026 In
202 1991 396 2034 pateram
424 1980 588 2034 palmas
609 1978 756 2022 fitiens
778 2010 791 2031 ‚
821 1980 1050 2022 dulcemve
1074 1979 1296 2036 liquorem

133 2059 227 2102 Ore
247 2059 359 2102 bibit
376 2073 523 2115 prono
543 2090 556 2110 ‚
586 2059 816 2114 lympham
835 2059 1018 2102 miratus
1041 2073 1218 2103 euntem
1239 2075 1255 2108 ·,

132 2140 219 2182 Seu
238 2138 397 2194 strepat
417 2137 631 2184 obstantes
654 2137 736 2180 vix
757 2138 969 2182 eluctatus
989 2153 1139 2183 arenas

132 2220 275 2263 Rivus
302 2221 433 2275 inops
457 2251 471 2272 ,
499 2219 633 2275 pleno
653 2218 743 2261 five
764 2217 1036 2266 ambitiosior
1054 2222 1185 2264 alveo

133 2300 316 2342 Insultet
335 2299 443 2355 ripis
462 2332 475 2351 ,
506 2310 636 2356 atque
656 2298 789 2343 obvia
806 2299 909 2342 saxa
927 2300 1098 2344 laceffat
1117 2317 1130 2346 :

132 2380 246 2422 Nam
263 2393 404 2436 neque
421 2379 509 2437 qua
523 2379 688 2438 pluviae
702 2392 718 2433 ’,
734 2379 818 2436 qua
835 2380 918 2422 fint
933 2383 984 2424 ah
1003 2381 1176 2439 origine
1193 2383 1368 2439 fontes,‘

132 2459 266 2508 Nosse
280 2460 406 2506 suum
420 2459 480 2505 est
492 2492 504 2514 ,
520 2460 593 2504 sed
608 2460 694 2518 qua
709 2459 832 2505 rivos
849 2473 947 2520 agat
962 2475 1052 2509 arte
1069 2477 1148 2520 per
1160 2464 1339 2509 hortum
1350 2498 1361 2517 ,

1498 2518 1500 2527 -
1497 2467 1500 2506 4,..
1493 1848 1500 2451 ψ--μψ-ΑΑ--ψμῃ
1494 1800 1500 1838 ..ΑΔ
1498 1780 1500 1788 μ
1494 1727 1500 1768 .-κ
