<?xml version="1.0" encoding="UTF-8"?>
<!DOCTYPE html PUBLIC "-//W3C//DTD XHTML 1.0 Transitional//EN"
    "http://www.w3.org/TR/xhtml1/DTD/xhtml1-transitional.dtd">
<html xmlns="http://www.w3.org/1999/xhtml" xml:lang="en" lang="en">
 <head>
  <title>
</title>
<meta http-equiv="Content-Type" content="text/html;charset=utf-8" />
  <meta name='ocr-system' content='tesseract 3.04.00' />
  <meta name='ocr-capabilities' content='ocr_page ocr_carea ocr_par ocr_line ocrx_word'/>
</head>
<body>
  <div class='ocr_page' id='page_1' title='image "./praediumrusticum00vaniuoft_0245.png"; bbox 0 0 1482 2834; ppageno 0'>
   <div class='ocr_carea' id='block_1_1' title="bbox 111 232 1356 476">
    <p class='ocr_par' dir='ltr' id='par_1_1' title="bbox 111 232 1356 476">
     <span class='ocr_line' id='line_1_1' title="bbox 492 232 1354 299; baseline 0.006 -5"><span class='ocrx_word' id='word_1_1' title='bbox 492 233 660 294; x_wconf 70' lang='lat' dir='ltr'>&#39;Ltss</span> <span class='ocrx_word' id='word_1_2' title='bbox 686 245 799 293; x_wconf 66' lang='grc' dir='ltr'>εκ</span> <span class='ocrx_word' id='word_1_3' title='bbox 836 232 966 295; x_wconf 80' lang='lat' dir='ltr'>IX.</span> <span class='ocrx_word' id='word_1_4' title='bbox 1025 261 1029 266; x_wconf 90' lang='grc'><em>·</em></span> <span class='ocrx_word' id='word_1_5' title='bbox 1232 250 1354 299; x_wconf 72' lang='lat'>221:</span> 
     </span>
     <span class='ocr_line' id='line_1_2' title="bbox 115 334 1142 397; baseline 0.002 -19"><span class='ocrx_word' id='word_1_6' title='bbox 115 334 401 395; x_wconf 68' lang='lat' dir='ltr'>Consurgunt</span> <span class='ocrx_word' id='word_1_7' title='bbox 429 339 442 381; x_wconf 75' lang='lat' dir='ltr'>l</span> <span class='ocrx_word' id='word_1_8' title='bbox 469 337 592 395; x_wconf 87' lang='lat' dir='ltr'>atqui</span> <span class='ocrx_word' id='word_1_9' title='bbox 616 352 711 382; x_wconf 84' lang='lat' dir='ltr'>non</span> <span class='ocrx_word' id='word_1_10' title='bbox 733 336 1003 397; x_wconf 70' lang='lat' dir='ltr'>ingeniosius</span> <span class='ocrx_word' id='word_1_11' title='bbox 1027 337 1142 388; x_wconf 79' lang='lat' dir='ltr'>alter</span> 
     </span>
     <span class='ocr_line' id='line_1_3' title="bbox 111 417 1356 476; baseline 0.002 -15"><span class='ocrx_word' id='word_1_12' title='bbox 111 417 293 461; x_wconf 82' lang='lat' dir='ltr'>Excolit</span> <span class='ocrx_word' id='word_1_13' title='bbox 308 450 322 471; x_wconf 91' lang='lat'>,</span> <span class='ocrx_word' id='word_1_14' title='bbox 350 430 425 461; x_wconf 87' lang='lat' dir='ltr'>aut</span> <span class='ocrx_word' id='word_1_15' title='bbox 449 419 648 476; x_wconf 82' lang='lat' dir='ltr'><strong>lymphis</strong></span> <span class='ocrx_word' id='word_1_16' title='bbox 673 418 799 474; x_wconf 84' lang='lat' dir='ltr'>juvat</span> <span class='ocrx_word' id='word_1_17' title='bbox 821 418 1097 463; x_wconf 82' lang='lat' dir='ltr'>uberioribus</span> <span class='ocrx_word' id='word_1_18' title='bbox 1119 417 1292 463; x_wconf 78' lang='lat' dir='ltr'>herbas.</span> <span class='ocrx_word' id='word_1_19' title='bbox 1351 467 1356 470; x_wconf 66' lang='grc'>,</span> 
     </span>
    </p>
   </div>
   <div class='ocr_carea' id='block_1_2' title="bbox 0 466 1354 558">
    <p class='ocr_par' dir='ltr' id='par_1_2' title="bbox 0 466 1354 558">
     <span class='ocr_line' id='line_1_4' title="bbox 0 466 1354 558; baseline -0.001 -17"><span class='ocrx_word' id='word_1_20' title='bbox 0 466 2 486; x_wconf 28' lang='grc' dir='ltr'>ἱ</span> <span class='ocrx_word' id='word_1_21' title='bbox 30 509 35 513; x_wconf 88' lang='grc'><strong><em>·</em></strong></span> <span class='ocrx_word' id='word_1_22' title='bbox 111 498 302 555; x_wconf 82' lang='lat' dir='ltr'>Mopsus</span> <span class='ocrx_word' id='word_1_23' title='bbox 312 501 367 542; x_wconf 90' lang='lat' dir='ltr'>ad</span> <span class='ocrx_word' id='word_1_24' title='bbox 376 501 486 543; x_wconf 82' lang='lat' dir='ltr'>haec.</span> <span class='ocrx_word' id='word_1_25' title='bbox 498 499 599 543; x_wconf 82' lang='lat' dir='ltr'>Alia</span> <span class='ocrx_word' id='word_1_26' title='bbox 611 532 623 552; x_wconf 92' lang='lat'>‚</span> <span class='ocrx_word' id='word_1_27' title='bbox 634 499 665 543; x_wconf 86' lang='grc' dir='ltr'><strong>ὂ</strong></span> <span class='ocrx_word' id='word_1_28' title='bbox 676 501 893 558; x_wconf 79' lang='lat' dir='ltr'><strong>Corydon</strong></span> <span class='ocrx_word' id='word_1_29' title='bbox 903 500 1002 553; x_wconf 88' lang='lat' dir='ltr'>‚·sed</span> <span class='ocrx_word' id='word_1_30' title='bbox 1013 498 1190 557; x_wconf 87' lang='lat' dir='ltr'>cognita</span> <span class='ocrx_word' id='word_1_31' title='bbox 1201 496 1354 555; x_wconf 79' lang='lat' dir='ltr'>paucis</span> 
     </span>
    </p>
   </div>
   <div class='ocr_carea' id='block_1_3' title="bbox 112 578 1467 2423">
    <p class='ocr_par' dir='ltr' id='par_1_3' title="bbox 112 578 1467 2423">
     <span class='ocr_line' id='line_1_5' title="bbox 112 578 1355 636; baseline 0.001 -14"><span class='ocrx_word' id='word_1_32' title='bbox 112 578 181 622; x_wconf 89' lang='lat' dir='ltr'>Te</span> <span class='ocrx_word' id='word_1_33' title='bbox 208 593 390 636; x_wconf 90' lang='lat' dir='ltr'>quoque</span> <span class='ocrx_word' id='word_1_34' title='bbox 417 593 522 623; x_wconf 86' lang='lat' dir='ltr'>cura</span> <span class='ocrx_word' id='word_1_35' title='bbox 544 581 652 624; x_wconf 88' lang='lat' dir='ltr'>latet</span> <span class='ocrx_word' id='word_1_36' title='bbox 671 579 867 636; x_wconf 87' lang='lat' dir='ltr'>Superos</span> <span class='ocrx_word' id='word_1_37' title='bbox 893 580 942 623; x_wconf 90' lang='lat' dir='ltr'>in</span> <span class='ocrx_word' id='word_1_38' title='bbox 965 593 1076 625; x_wconf 84' lang='lat' dir='ltr'>vota</span> <span class='ocrx_word' id='word_1_39' title='bbox 1099 578 1291 630; x_wconf 67' lang='lat' dir='ltr'>vocandi</span> <span class='ocrx_word' id='word_1_40' title='bbox 1312 592 1326 623; x_wconf 73' lang='grc' dir='ltr'><strong>ε</strong></span> <span class='ocrx_word' id='word_1_41' title='bbox 1353 594 1355 596; x_wconf 91' lang='grc'><strong><em>·</em></strong></span> 
     </span>
     <span class='ocr_line' id='line_1_6' title="bbox 113 659 1351 725; baseline -0.002 -21"><span class='ocrx_word' id='word_1_42' title='bbox 113 659 321 704; x_wconf 84' lang='lat' dir='ltr'>Insontes</span> <span class='ocrx_word' id='word_1_43' title='bbox 336 662 438 703; x_wconf 85' lang='lat' dir='ltr'>&#39;cum</span> <span class='ocrx_word' id='word_1_44' title='bbox 453 673 569 703; x_wconf 87' lang='lat' dir='ltr'>voce</span> <span class='ocrx_word' id='word_1_45' title='bbox 585 673 739 702; x_wconf 86' lang='lat' dir='ltr'>manus</span> <span class='ocrx_word' id='word_1_46' title='bbox 754 659 820 704; x_wconf 85' lang='lat' dir='ltr'>fer</span> <span class='ocrx_word' id='word_1_47' title='bbox 837 661 890 703; x_wconf 88' lang='lat' dir='ltr'>ad</span> <span class='ocrx_word' id='word_1_48' title='bbox 906 659 1013 704; x_wconf 81' lang='lat' dir='ltr'>astra</span> <span class='ocrx_word' id='word_1_49' title='bbox 1030 693 1050 725; x_wconf 44' lang='grc' dir='ltr'>ζ</span> <span class='ocrx_word' id='word_1_50' title='bbox 1070 659 1329 718; x_wconf 82' lang='lat' dir='ltr'>priusquam</span> <span class='ocrx_word' id='word_1_51' title='bbox 1349 710 1351 712; x_wconf 23' lang='lat'>¹</span> 
     </span>
     <span class='ocr_line' id='line_1_7' title="bbox 114 723 1116 796; baseline 0.001 -13"><span class='ocrx_word' id='word_1_52' title='bbox 114 740 370 784; x_wconf 77' lang='lat' dir='ltr'>Admoveas</span> <span class='ocrx_word' id='word_1_53' title='bbox 398 739 528 796; x_wconf 85' lang='lat' dir='ltr'>operi</span> <span class='ocrx_word' id='word_1_54' title='bbox 548 771 561 792; x_wconf 85' lang='lat'><strong>‚</strong></span> <span class='ocrx_word' id='word_1_55' title='bbox 587 739 918 796; x_wconf 79' lang='lat' dir='ltr'>fortunatasque</span> <span class='ocrx_word' id='word_1_56' title='bbox 943 723 1116 784; x_wconf 78' lang='lat' dir='ltr'>videbis</span> 
     </span>
     <span class='ocr_line' id='line_1_8' title="bbox 114 819 1268 877; baseline 0.001 -12"><span class='ocrx_word' id='word_1_57' title='bbox 114 821 242 865; x_wconf 82' lang='lat' dir='ltr'>Intus</span> <span class='ocrx_word' id='word_1_58' title='bbox 268 819 358 872; x_wconf 85' lang='lat' dir='ltr'>ali,</span> <span class='ocrx_word' id='word_1_59' title='bbox 387 820 432 864; x_wconf 86' lang='lat'>&amp;</span> <span class='ocrx_word' id='word_1_60' title='bbox 451 820 582 863; x_wconf 88' lang='lat' dir='ltr'>succo</span> <span class='ocrx_word' id='word_1_61' title='bbox 602 819 789 863; x_wconf 88' lang='lat' dir='ltr'>meliore</span> <span class='ocrx_word' id='word_1_62' title='bbox 813 820 1055 864; x_wconf 80' lang='lat' dir='ltr'>tumescere</span> <span class='ocrx_word' id='word_1_63' title='bbox 1080 821 1268 877; x_wconf 78' lang='lat' dir='ltr'>plantas.</span> 
     </span>
     <span class='ocr_line' id='line_1_9' title="bbox 116 899 1399 961; baseline 0.002 -16"><span class='ocrx_word' id='word_1_64' title='bbox 116 900 393 961; x_wconf 75' lang='lat' dir='ltr'>obsequitur</span> <span class='ocrx_word' id='word_1_65' title='bbox 410 899 597 944; x_wconf 87' lang='lat' dir='ltr'>monitis</span> <span class='ocrx_word' id='word_1_66' title='bbox 617 901 867 958; x_wconf 87' lang='lat' dir='ltr'>Corydon;</span> <span class='ocrx_word' id='word_1_67' title='bbox 888 914 970 944; x_wconf 87' lang='lat' dir='ltr'>nec</span> <span class='ocrx_word' id='word_1_68' title='bbox 988 915 1102 945; x_wconf 79' lang='lat' dir='ltr'>vana</span> <span class='ocrx_word' id='word_1_69' title='bbox 1121 901 1330 958; x_wconf 80' lang='lat' dir='ltr'>precandi</span> <span class='ocrx_word' id='word_1_70' title='bbox 1355 952 1358 956; x_wconf 53' lang='grc'><em>,</em></span> <span class='ocrx_word' id='word_1_71' title='bbox 1390 928 1399 936; x_wconf 63' lang='grc'><strong>«</strong></span> 
     </span>
     <span class='ocr_line' id='line_1_10' title="bbox 118 981 1291 1042; baseline -0.002 -14"><span class='ocrx_word' id='word_1_72' title='bbox 118 981 316 1041; x_wconf 88' lang='lat' dir='ltr'>Relligio</span> <span class='ocrx_word' id='word_1_73' title='bbox 343 998 356 1026; x_wconf 74' lang='lat' dir='ltr'><em>z</em></span> <span class='ocrx_word' id='word_1_74' title='bbox 383 983 568 1028; x_wconf 85' lang='lat' dir='ltr'>redeunt</span> <span class='ocrx_word' id='word_1_75' title='bbox 593 983 756 1031; x_wconf 15' lang='lat' dir='ltr'>animae*</span> <span class='ocrx_word' id='word_1_76' title='bbox 775 982 1084 1042; x_wconf 83' lang='lat' dir='ltr'>languentibus</span> <span class='ocrx_word' id='word_1_77' title='bbox 1107 982 1253 1027; x_wconf 85' lang='lat' dir='ltr'>herbis</span> <span class='ocrx_word' id='word_1_78' title='bbox 1274 1013 1291 1038; x_wconf 83' lang='lat'>,</span> 
     </span>
     <span class='ocr_line' id='line_1_11' title="bbox 116 1064 1244 1122; baseline 0 -14"><span class='ocrx_word' id='word_1_79' title='bbox 116 1064 433 1122; x_wconf 85' lang='lat' dir='ltr'>Fecundosque</span> <span class='ocrx_word' id='word_1_80' title='bbox 458 1065 574 1108; x_wconf 88' lang='lat' dir='ltr'>finus</span> <span class='ocrx_word' id='word_1_81' title='bbox 602 1066 758 1109; x_wconf 81' lang='lat' dir='ltr'>laxans</span> <span class='ocrx_word' id='word_1_82' title='bbox 774 1096 788 1118; x_wconf 84' lang='lat'>,</span> <span class='ocrx_word' id='word_1_83' title='bbox 819 1065 865 1108; x_wconf 87' lang='lat' dir='ltr'>se</span> <span class='ocrx_word' id='word_1_84' title='bbox 891 1064 1026 1108; x_wconf 84' lang='lat' dir='ltr'>meffe</span> <span class='ocrx_word' id='word_1_85' title='bbox 1053 1076 1244 1109; x_wconf 86' lang='lat' dir='ltr'>coronat</span> 
     </span>
     <span class='ocr_line' id='line_1_12' title="bbox 119 1144 1167 1202; baseline -0.001 -11"><span class='ocrx_word' id='word_1_86' title='bbox 119 1145 340 1191; x_wconf 70' lang='lat' dir='ltr'>Uberior-e</span> <span class='ocrx_word' id='word_1_87' title='bbox 365 1144 461 1201; x_wconf 90' lang='lat' dir='ltr'>pias</span> <span class='ocrx_word' id='word_1_88' title='bbox 485 1146 647 1188; x_wconf 86' lang='lat' dir='ltr'>humus</span> <span class='ocrx_word' id='word_1_89' title='bbox 673 1145 900 1192; x_wconf 77' lang='lat' dir='ltr'>emendata</span> <span class='ocrx_word' id='word_1_90' title='bbox 926 1159 1006 1202; x_wconf 92' lang='lat' dir='ltr'>per</span> <span class='ocrx_word' id='word_1_91' title='bbox 1033 1157 1167 1190; x_wconf 81' lang='lat' dir='ltr'>artes·</span> 
     </span>
     <span class='ocr_line' id='line_1_13' title="bbox 183 1225 1351 1289; baseline 0.001 -19"><span class='ocrx_word' id='word_1_92' title='bbox 183 1225 387 1270; x_wconf 81' lang='lat' dir='ltr'>Rusticus</span> <span class='ocrx_word' id='word_1_93' title='bbox 414 1227 627 1284; x_wconf 87' lang='lat' dir='ltr'>ancipites</span> <span class='ocrx_word' id='word_1_94' title='bbox 651 1227 834 1289; x_wconf 83' lang='lat' dir='ltr'>hiberna</span> <span class='ocrx_word' id='word_1_95' title='bbox 857 1241 938 1284; x_wconf 90' lang='lat' dir='ltr'>per</span> <span class='ocrx_word' id='word_1_96' title='bbox 962 1226 1055 1270; x_wconf 88' lang='lat' dir='ltr'>otia</span> <span class='ocrx_word' id='word_1_97' title='bbox 1080 1234 1278 1283; x_wconf 69' lang='lat' dir='ltr'>martas,‘</span> <span class='ocrx_word' id='word_1_98' title='bbox 1347 1281 1351 1284; x_wconf 19' lang='lat'>⁵</span> 
     </span>
     <span class='ocr_line' id='line_1_14' title="bbox 122 1308 1354 1367; baseline -0.001 -14"><span class='ocrx_word' id='word_1_99' title='bbox 122 1310 434 1365; x_wconf 79' lang='lat' dir='ltr'>Ferratamque</span> <span class='ocrx_word' id='word_1_100' title='bbox 460 1321 587 1365; x_wconf 85' lang='lat' dir='ltr'>paret</span> <span class='ocrx_word' id='word_1_101' title='bbox 611 1320 777 1352; x_wconf 87' lang='lat' dir='ltr'>cratem</span> <span class='ocrx_word' id='word_1_102' title='bbox 793 1339 807 1362; x_wconf 88' lang='lat'>,</span> <span class='ocrx_word' id='word_1_103' title='bbox 836 1308 1056 1365; x_wconf 89' lang='lat' dir='ltr'>durosque</span> <span class='ocrx_word' id='word_1_104' title='bbox 1082 1308 1256 1366; x_wconf 89' lang='lat' dir='ltr'>ligones</span> <span class='ocrx_word' id='word_1_105' title='bbox 1275 1341 1292 1363; x_wconf 83' lang='lat'><strong>,</strong></span> <span class='ocrx_word' id='word_1_106' title='bbox 1340 1328 1354 1367; x_wconf 49' lang='lat' dir='ltr'>j</span> 
     </span>
     <span class='ocr_line' id='line_1_15' title="bbox 124 1388 1261 1447; baseline 0.001 -14"><span class='ocrx_word' id='word_1_107' title='bbox 124 1389 459 1447; x_wconf 78' lang='lat' dir='ltr'>Capreolosque</span> <span class='ocrx_word' id='word_1_108' title='bbox 478 1420 492 1443; x_wconf 87' lang='lat'>,</span> <span class='ocrx_word' id='word_1_109' title='bbox 524 1388 685 1446; x_wconf 88' lang='lat' dir='ltr'>quibus</span> <span class='ocrx_word' id='word_1_110' title='bbox 711 1389 857 1447; x_wconf 80' lang='lat' dir='ltr'>glebas</span> <span class='ocrx_word' id='word_1_111' title='bbox 882 1401 1085 1444; x_wconf 81' lang='lat' dir='ltr'>exerceat</span> <span class='ocrx_word' id='word_1_112' title='bbox 1109 1389 1261 1434; x_wconf 73' lang='lat' dir='ltr'>armiS.</span> 
     </span>
     <span class='ocr_line' id='line_1_16' title="bbox 123 1468 1279 1527; baseline 0.001 -14"><span class='ocrx_word' id='word_1_113' title='bbox 123 1470 242 1513; x_wconf 88' lang='lat' dir='ltr'>Tum</span> <span class='ocrx_word' id='word_1_114' title='bbox 267 1482 447 1527; x_wconf 86' lang='lat' dir='ltr'>quoque</span> <span class='ocrx_word' id='word_1_115' title='bbox 474 1468 630 1512; x_wconf 88' lang='lat' dir='ltr'>vicino</span> <span class='ocrx_word' id='word_1_116' title='bbox 657 1482 822 1526; x_wconf 77' lang='lat' dir='ltr'>quaerat</span> <span class='ocrx_word' id='word_1_117' title='bbox 846 1469 924 1513; x_wconf 84' lang='lat' dir='ltr'>fibi</span> <span class='ocrx_word' id='word_1_118' title='bbox 947 1469 1114 1514; x_wconf 87' lang='lat' dir='ltr'>semina</span> <span class='ocrx_word' id='word_1_119' title='bbox 1129 1483 1240 1514; x_wconf 84' lang='lat' dir='ltr'>-rure</span> <span class='ocrx_word' id='word_1_120' title='bbox 1260 1501 1279 1524; x_wconf 78' lang='lat'><em>,</em></span> 
     </span>
     <span class='ocr_line' id='line_1_17' title="bbox 123 1549 1354 1613; baseline 0.001 -18"><span class='ocrx_word' id='word_1_121' title='bbox 123 1551 180 1595; x_wconf 84' lang='lat' dir='ltr'>Et</span> <span class='ocrx_word' id='word_1_122' title='bbox 202 1549 357 1596; x_wconf 77' lang='lat' dir='ltr'>varios</span> <span class='ocrx_word' id='word_1_123' title='bbox 380 1549 517 1594; x_wconf 90' lang='lat' dir='ltr'>oleris</span> <span class='ocrx_word' id='word_1_124' title='bbox 542 1550 786 1608; x_wconf 86' lang='lat' dir='ltr'>generatim</span> <span class='ocrx_word' id='word_1_125' title='bbox 810 1550 1000 1595; x_wconf 86' lang='lat' dir='ltr'>ediscere</span> <span class='ocrx_word' id='word_1_126' title='bbox 1025 1553 1168 1596; x_wconf 84' lang='lat' dir='ltr'>cultus</span> <span class='ocrx_word' id='word_1_127' title='bbox 1351 1610 1354 1613; x_wconf 13' lang='lat' dir='ltr'>y</span> 
     </span>
     <span class='ocr_line' id='line_1_18' title="bbox 122 1632 1363 1691; baseline -0.002 -12"><span class='ocrx_word' id='word_1_128' title='bbox 122 1635 232 1679; x_wconf 80' lang='lat' dir='ltr'>Non</span> <span class='ocrx_word' id='word_1_129' title='bbox 242 1632 390 1690; x_wconf 83' lang='lat' dir='ltr'>pigeat</span> <span class='ocrx_word' id='word_1_130' title='bbox 404 1646 416 1675; x_wconf 74' lang='lat' dir='ltr'>t</span> <span class='ocrx_word' id='word_1_131' title='bbox 430 1632 704 1688; x_wconf 79' lang='lat' dir='ltr'>nequeenim</span> <span class='ocrx_word' id='word_1_132' title='bbox 715 1632 879 1689; x_wconf 88' lang='lat' dir='ltr'>plantis</span> <span class='ocrx_word' id='word_1_133' title='bbox 891 1647 993 1691; x_wconf 88' lang='lat' dir='ltr'>ager</span> <span class='ocrx_word' id='word_1_134' title='bbox 1005 1632 1209 1677; x_wconf 86' lang='lat' dir='ltr'>omnibus</span> <span class='ocrx_word' id='word_1_135' title='bbox 1221 1647 1363 1687; x_wconf 67' lang='lat' dir='ltr'>unus,</span> 
     </span>
     <span class='ocr_line' id='line_1_19' title="bbox 125 1714 1353 1776; baseline 0 -18"><span class='ocrx_word' id='word_1_136' title='bbox 125 1716 234 1758; x_wconf 84' lang='lat' dir='ltr'>Non</span> <span class='ocrx_word' id='word_1_137' title='bbox 252 1715 407 1761; x_wconf 83' lang='lat' dir='ltr'>eadem</span> <span class='ocrx_word' id='word_1_138' title='bbox 433 1714 601 1757; x_wconf 85' lang='lat' dir='ltr'>cultura</span> <span class='ocrx_word' id='word_1_139' title='bbox 619 1715 764 1771; x_wconf 87' lang='lat' dir='ltr'>placet</span> <span class='ocrx_word' id='word_1_140' title='bbox 781 1746 795 1769; x_wconf 90' lang='lat'>‚</span> <span class='ocrx_word' id='word_1_141' title='bbox 819 1714 1079 1772; x_wconf 85' lang='lat' dir='ltr'>tempusque</span> <span class='ocrx_word' id='word_1_142' title='bbox 1105 1715 1292 1769; x_wconf 85' lang='lat' dir='ltr'>serendi.</span> <span class='ocrx_word' id='word_1_143' title='bbox 1349 1774 1353 1776; x_wconf 12' lang='grc' dir='ltr'><strong>Α</strong></span> 
     </span>
     <span class='ocr_line' id='line_1_20' title="bbox 191 1794 1357 1854; baseline 0.003 -16"><span class='ocrx_word' id='word_1_144' title='bbox 191 1794 295 1838; x_wconf 84' lang='lat' dir='ltr'>Pars</span> <span class='ocrx_word' id='word_1_145' title='bbox 316 1806 433 1838; x_wconf 88' lang='lat' dir='ltr'>amat</span> <span class='ocrx_word' id='word_1_146' title='bbox 450 1794 627 1840; x_wconf 82' lang='lat' dir='ltr'>aestivos</span> <span class='ocrx_word' id='word_1_147' title='bbox 646 1796 762 1840; x_wconf 86' lang='lat' dir='ltr'>soles</span> <span class='ocrx_word' id='word_1_148' title='bbox 780 1829 794 1850; x_wconf 88' lang='lat'>,</span> <span class='ocrx_word' id='word_1_149' title='bbox 820 1811 920 1854; x_wconf 88' lang='lat' dir='ltr'>pars</span> <span class='ocrx_word' id='word_1_150' title='bbox 938 1796 1076 1854; x_wconf 82' lang='lat' dir='ltr'>frigus</span> <span class='ocrx_word' id='word_1_151' title='bbox 1094 1828 1109 1851; x_wconf 87' lang='lat'>,</span> <span class='ocrx_word' id='word_1_152' title='bbox 1136 1797 1180 1840; x_wconf 89' lang='lat'>&amp;</span> <span class='ocrx_word' id='word_1_153' title='bbox 1198 1798 1304 1849; x_wconf 82' lang='lat' dir='ltr'>Euri</span> <span class='ocrx_word' id='word_1_154' title='bbox 1355 1822 1357 1825; x_wconf 83' lang='lat'><em>.</em></span> 
     </span>
     <span class='ocr_line' id='line_1_21' title="bbox 130 1875 1185 1932; baseline 0.001 -12"><span class='ocrx_word' id='word_1_155' title='bbox 130 1875 370 1932; x_wconf 79' lang='lat' dir='ltr'>Aspernata</span> <span class='ocrx_word' id='word_1_156' title='bbox 392 1876 536 1921; x_wconf 86' lang='lat' dir='ltr'>minas</span> <span class='ocrx_word' id='word_1_157' title='bbox 555 1909 571 1931; x_wconf 85' lang='lat'>,</span> <span class='ocrx_word' id='word_1_158' title='bbox 599 1877 746 1923; x_wconf 77' lang='lat' dir='ltr'>iuaesae</span> <span class='ocrx_word' id='word_1_159' title='bbox 769 1877 939 1923; x_wconf 75' lang='lat' dir='ltr'>frondis</span> <span class='ocrx_word' id='word_1_160' title='bbox 961 1878 1185 1923; x_wconf 87' lang='lat' dir='ltr'>honorem</span> 
     </span>
     <span class='ocr_line' id='line_1_22' title="bbox 130 1957 1248 2018; baseline 0.004 -18"><span class='ocrx_word' id='word_1_161' title='bbox 130 1957 215 2001; x_wconf 87' lang='lat' dir='ltr'>Per</span> <span class='ocrx_word' id='word_1_162' title='bbox 231 1957 395 2002; x_wconf 84' lang='lat' dir='ltr'>medias</span> <span class='ocrx_word' id='word_1_163' title='bbox 409 1957 579 2003; x_wconf 83' lang='lat' dir='ltr'>hiemes</span> <span class='ocrx_word' id='word_1_164' title='bbox 596 1959 742 2004; x_wconf 84' lang='lat' dir='ltr'>servat</span> <span class='ocrx_word' id='word_1_165' title='bbox 759 1974 774 2010; x_wconf 91' lang='lat'>;</span> <span class='ocrx_word' id='word_1_166' title='bbox 798 1973 900 2018; x_wconf 86' lang='lat' dir='ltr'>pars</span> <span class='ocrx_word' id='word_1_167' title='bbox 918 1960 1098 2003; x_wconf 88' lang='lat' dir='ltr'>condita</span> <span class='ocrx_word' id='word_1_168' title='bbox 1117 1960 1248 2005; x_wconf 86' lang='lat' dir='ltr'>terris</span> 
     </span>
     <span class='ocr_line' id='line_1_23' title="bbox 131 2038 1231 2099; baseline 0.004 -18"><span class='ocrx_word' id='word_1_169' title='bbox 131 2039 240 2082; x_wconf 83' lang='lat' dir='ltr'>Non</span> <span class='ocrx_word' id='word_1_170' title='bbox 267 2038 433 2082; x_wconf 87' lang='lat' dir='ltr'>sursum</span> <span class='ocrx_word' id='word_1_171' title='bbox 459 2039 637 2096; x_wconf 87' lang='lat' dir='ltr'>prodire</span> <span class='ocrx_word' id='word_1_172' title='bbox 659 2040 800 2099; x_wconf 84' lang='lat' dir='ltr'>pigris</span> <span class='ocrx_word' id='word_1_173' title='bbox 828 2041 1043 2084; x_wconf 87' lang='lat' dir='ltr'>radicibus</span> <span class='ocrx_word' id='word_1_174' title='bbox 1068 2043 1197 2085; x_wconf 89' lang='lat' dir='ltr'>audet</span> <span class='ocrx_word' id='word_1_175' title='bbox 1215 2074 1231 2095; x_wconf 91' lang='lat'>,</span> 
     </span>
     <span class='ocr_line' id='line_1_24' title="bbox 132 2120 1223 2177; baseline 0.003 -14"><span class='ocrx_word' id='word_1_176' title='bbox 132 2120 383 2177; x_wconf 82' lang='lat' dir='ltr'>Torpentes</span> <span class='ocrx_word' id='word_1_177' title='bbox 407 2134 501 2164; x_wconf 88' lang='lat' dir='ltr'>non</span> <span class='ocrx_word' id='word_1_178' title='bbox 523 2133 625 2165; x_wconf 86' lang='lat' dir='ltr'>ante</span> <span class='ocrx_word' id='word_1_179' title='bbox 652 2135 803 2166; x_wconf 87' lang='lat' dir='ltr'>comas</span> <span class='ocrx_word' id='word_1_180' title='bbox 826 2123 1041 2165; x_wconf 84' lang='lat' dir='ltr'>evolvere</span> <span class='ocrx_word' id='word_1_181' title='bbox 1069 2124 1189 2166; x_wconf 88' lang='lat' dir='ltr'>coelo</span> <span class='ocrx_word' id='word_1_182' title='bbox 1209 2153 1223 2176; x_wconf 85' lang='lat'>‚</span> 
     </span>
     <span class='ocr_line' id='line_1_25' title="bbox 132 2198 1467 2261; baseline 0.007 -18"><span class='ocrx_word' id='word_1_183' title='bbox 132 2198 282 2254; x_wconf 71' lang='lat' dir='ltr'>Quam</span> <span class='ocrx_word' id='word_1_184' title='bbox 291 2201 492 2244; x_wconf 85' lang='lat' dir='ltr'>reducem</span> <span class='ocrx_word' id='word_1_185' title='bbox 502 2201 1243 2261; x_wconf 82' lang='lat' dir='ltr'>audieritPrognem‚Zephyrosque</span> <span class='ocrx_word' id='word_1_186' title='bbox 1253 2219 1467 2253; x_wconf 77' lang='lat' dir='ltr'>vocantes</span> 
     </span>
     <span class='ocr_line' id='line_1_26' title="bbox 195 2266 1349 2339; baseline 0.006 -17"><span class='ocrx_word' id='word_1_187' title='bbox 195 2280 321 2338; x_wconf 81' lang='lat' dir='ltr'>Saepe</span> <span class='ocrx_word' id='word_1_188' title='bbox 346 2279 421 2325; x_wconf 85' lang='lat' dir='ltr'>sua</span> <span class='ocrx_word' id='word_1_189' title='bbox 443 2282 609 2339; x_wconf 82' lang='lat' dir='ltr'>pubens</span> <span class='ocrx_word' id='word_1_190' title='bbox 631 2284 731 2327; x_wconf 86' lang='lat' dir='ltr'>olus</span> <span class='ocrx_word' id='word_1_191' title='bbox 757 2283 809 2326; x_wconf 85' lang='lat' dir='ltr'>ab</span> <span class='ocrx_word' id='word_1_192' title='bbox 835 2282 977 2326; x_wconf 85' lang='lat' dir='ltr'>radice</span> <span class='ocrx_word' id='word_1_193' title='bbox 1000 2284 1224 2331; x_wconf 84' lang='lat' dir='ltr'>revulsum</span> <span class='ocrx_word' id='word_1_194' title='bbox 1345 2266 1349 2270; x_wconf 39' lang='grc'>’</span> 
     </span>
     <span class='ocr_line' id='line_1_27' title="bbox 135 2362 1142 2423; baseline 0.003 -17"><span class='ocrx_word' id='word_1_195' title='bbox 135 2362 324 2406; x_wconf 89' lang='lat' dir='ltr'>Mutatis</span> <span class='ocrx_word' id='word_1_196' title='bbox 347 2363 556 2408; x_wconf 84' lang='lat' dir='ltr'>adolescit</span> <span class='ocrx_word' id='word_1_197' title='bbox 578 2363 724 2423; x_wconf 84' lang='lat' dir='ltr'>agris;</span> <span class='ocrx_word' id='word_1_198' title='bbox 752 2363 796 2407; x_wconf 89' lang='lat'>&amp;</span> <span class='ocrx_word' id='word_1_199' title='bbox 822 2375 960 2407; x_wconf 85' lang='lat' dir='ltr'>mater</span> <span class='ocrx_word' id='word_1_200' title='bbox 984 2366 1142 2409; x_wconf 81' lang='lat' dir='ltr'>eodem</span> 
     </span>
    </p>
   </div>
   <div class='ocr_carea' id='block_1_4' title="bbox 136 2433 1343 2511">
    <p class='ocr_par' dir='ltr' id='par_1_4' title="bbox 136 2433 1343 2511">
     <span class='ocr_line' id='line_1_28' title="bbox 136 2433 1343 2511; baseline 0.007 -22"><span class='ocrx_word' id='word_1_201' title='bbox 136 2445 263 2503; x_wconf 82' lang='lat' dir='ltr'>Saepe</span> <span class='ocrx_word' id='word_1_202' title='bbox 285 2444 381 2493; x_wconf 76' lang='lat' dir='ltr'>finu</span> <span class='ocrx_word' id='word_1_203' title='bbox 403 2445 532 2507; x_wconf 63' lang='lat' dir='ltr'>tenus</span> <span class='ocrx_word' id='word_1_204' title='bbox 557 2459 648 2509; x_wconf 77' lang='lat' dir='ltr'>quo</span> <span class='ocrx_word' id='word_1_205' title='bbox 667 2444 889 2511; x_wconf 73' lang='lat' dir='ltr'>parturit,</span> <span class='ocrx_word' id='word_1_206' title='bbox 915 2446 1070 2509; x_wconf 79' lang='lat' dir='ltr'>educat</span> <span class='ocrx_word' id='word_1_207' title='bbox 1094 2448 1264 2498; x_wconf 59' lang='lat' dir='ltr'>herbas«.</span> <span class='ocrx_word' id='word_1_208' title='bbox 1340 2433 1343 2435; x_wconf 8' lang='lat' dir='ltr'>i</span> 
     </span>
    </p>
   </div>
  </div>
 </body>
</html>
