1482 2834
500 238 847 299 'LIBER
899 233 1098 299 XVI·
1283 243 1403 313 461‘

169 340 460 389 Circumstant
481 356 644 401 magno
667 341 802 387 catuli
827 342 1064 391 clamore}
1090 349 1172 384 nec
1196 339 1356 384 audent

170 425 389 481 Ancipitis
415 423 601 481 propius
624 436 792 467 tentate
819 423 1013 480 pericula
1042 420 1163 464 belli.

168 504 218 547 Si
245 504 344 560 quis
371 504 455 546 etit
477 504 597 548 rudis
624 503 803 547 incauto
828 503 905 559 qui
931 502 1134 546 cominus
1158 500 1327 544 hostem

168 586 319 628 Dente
346 598 466 641 petat
491 600 506 634 ·,
530 583 671 628 subita
699 583 938 641 prostratus
967 592 1111 626 morte
1126 615 1139 637 ,
1174 584 1406 626 cohortem

167 665 392 708 Admonet
415 677 571 722 arguto
597 665 752 720 procul
777 676 856 707 ore
886 659 1085 707 lacessere
1113 677 1292 706 cervum
1311 695 1326 717 ,

167 745 314 801 Atque
338 745 507 789 obstare
530 746 674 803 fugae3
697 751 808 787 noto
833 745 937 787 dum
963 744 1144 786 buccina
1169 756 1302 787 cantu

169 825 364 881 Optatos
389 827 516 869 sonet
541 825 746 869 interitus
765 857 778 877 ,
806 815 1083 881 sparsamque
1109 838 1187 880 per
1213 838 1342 882 agros

165 905 321 949 Tristia
346 918 588 948 venantum
612 917 747 949 vocet
772 906 825 948 ad
850 891 1095 961 spectacula
1124 917 1331 949 turmam.

227 987 294 1028 En
312 983 418 1029 vitae
447 986 647 1029 mortalis
671 987 832 1030 habent
851 999 982 1044 quem
1000 985 1154 1044 gaudia
1173 985 1308 1028 finem
1326 988 1337 1030 !
1383 995 1387 997 ’

166 1068 273 1110 Non
298 1060 429 1110 tacita
457 1066 547 1109 fine
573 1065 710 1109 tristia
727 1099 740 1118 ,
771 1066 1008 1123 morsuque
1036 1065 1206 1108 doloris

164 1147 410 1204 Pei-cipitur
433 1147 576 1189 multo
601 1145 776 1202 quaefita
799 1147 948 1189 labore
974 1147 1202 1202 voluptas.

165 1228 302 1286 AEger
324 1227 445 1270 enim
461 1258 474 1278 ,
499 1226 607 1270 vitae
632 1225 773 1282 polita
801 1226 902 1281 spe,
932 1238 1089 1268 cervus
1114 1226 1278 1269 inertes

168 1308 382 1366 Confugit
406 1308 459 1350 ad
482 1309 696 1364 lacrymas
717 1321 731 1355 ;
756 1307 800 1349 δε
827 1305 950 1349 flexo
975 1305 1147 1362 poplite
1163 1339 1175 1359 ‚
1205 1307 1398 1352 frontem

165 1391 408 1434 Arboream
432 1387 624 1432 demittit
652 1378 776 1430 humi
796 1420 809 1440 ‚
836 1386 1066 1444 vitamque
1092 1401 1293 1444 precatus

165 1468 432 1527 Suppliciter
447 1501 461 1521 ‚
488 1468 629 1512 tristes
655 1470 960 1513 immurmurat
988 1482 1066 1533 ote
1091 1471 1318 1526 querelas:

161 1553 272 1607 Quo
301 1551 468 1610 gemitu
494 1550 684 1594 concuffi
707 1550 845 1594 animi
871 1550 1131 1594 miserantur
1145 1583 1159 1603 ,
1179 1551 1222 1593 &
1240 1559 1368 1594 orant

164 1633 410 1678 Unanimes
435 1644 561 1675 tanto
585 1631 727 1675 vitam
753 1630 977 1688 indulgere
1004 1630 1165 1675 dolori.

165 1715 252 1758 Sed
276 1727 418 1770 neque
443 1726 631 1757 venator
651 1713 860 1771 lacrymis
877 1745 890 1766 ‚
918 1727 1002 1756 nec
1020 1726 1135 1756 voce
1161 1722 1387 1756 movetur*

166 1794 377 1851 Supplice
401 1809 416 1843 3
441 1793 605 1837 crudeli
630 1795 744 1837 latus
770 1793 1094 1837 immiserabilis
1126 1794 1228 1837 ense
1255 1851 1259 1854 ι

166 1874 470 1932 Transadigit:
493 1877 722 1918 revolutus
740 1874 864 1918 humi
890 1876 1000 1931 pede
1020 1888 1176 1918 cervus
1197 1874 1396 1932 iniquam

163 1955 331 1998 Tundit
349 1955 531 1998 humum
552 1970 566 2004 3
584 1954 813 2012 vitamque
833 1954 962 2012 nigro
981 1967 1080 1997 cum
1099 1955 1308 2012 sanguine
1328 1955 1470 2000 fundit

163 2037 235 2079 Ah
259 2041 268 2080 3
294 2035 457 2091 duplici
476 2035 628 2078 saltem
647 2035 783 2078 morti
802 2049 857 2078 ne
877 2035 996 2077 trade
1015 2033 1263 2088 jacentem;

164 2118 218 2159 Et
244 2115 390 2159 stricto
416 2116 468 2159 fit
490 2129 592 2159 cura
621 2130 750 2159 canes
776 2128 1008 2158 removere
1034 2113 1209 2171 flagello
1225 2144 1240 2162 ,

163 2196 324 2240 Intima
348 2210 403 2239 ne
427 2197 616 2239 lacerent
641 2195 774 2239 avido
798 2194 1034 2252 praecordia
1058 2195 1223 2241 morsu.

163 2278 303 2323 AEtati
328 2290 474 2320 tamen
498 2276 706 2336 indulge3
734 2276 987 2332 catulusque
1012 2276 1211 2319 laborum

165 2359 331 2402 Inscius
348 2391 362 2412 ‚
388 2358 432 2401 &
455 2358 582 2401 duras
605 2355 724 2400 rudis
753 2355 1038 2399 instituendus
1065 2357 1118 2399 ad
1141 2368 1252 2400 artes
1268 2390 1283 2410 ‚

166 2439 316 2484 Discat
343 2436 574 2497 inexperti
600 2436 825 2484 dulcedine
850 2435 1072 2509 sanguinis
1098 2435 1247 2482 aestum

1058 2518 1095 2562 C
1127 2530 1150 2561 c
