1482 2834
465 229 758 288 LIBER
822 224 1110 289 Xllla,
1243 225 1419 296 309'>

122 327 266 384 Queis
286 342 480 388 >quatuor
501 331 696 376 cecidere
717 345 886 389 ungues
903 363 916 383 ‚
942 327 1110 376 seclude
1129 339 1143 375 ·‚
1163 321 1317 379 tuique

125 410 233 453 Non
256 411 417 467 emptis
442 411 623 468 dapibus
648 412 809 456 faciant
832 408 1044 454 convivia
1066 418 1233 450 vernae.

188 493 320 535 Nunc
344 507 423 550 age
449 492 527 550 qui
551 506 697 536 mores
713 525 726 545 ,
751 506 847 548 quae
868 491 921 534 fit
941 501 1105 542 natura*
1121 481 1338 539 columbis

125 572 394 628 Expediam,
419 573 588 618 levium
611 572 853 630 spe&acula
873 568 1052 630 grandia
1071 580 1237 611 rerum.

128 653 244 695 Nam
267 653 371 696 solae
396 652 517 698 silvis
532 685 545 707 ‚
570 652 806 696 hominum
829 653 881 695 de
906 663 1032 694 more
1047 679 1060 700 ‚
1086 645 1251 708 relictis

128 733 286 778 Vitam
301 733 468 792 agitant
484 733 638 782 fimu13
655 743 787 790 atque
800 743 851 775 ut
862 731 1027 774 habent
1036 723 1297 790 eommunia
1315 720 1440 767 cives'

133 813 316 870 Oppida
334 846 347 866 ‚
371 814 429 856 fic
455 814 541 856 illae
565 811 789 856 consortia
813 810 929 856 tedia
953 810 1249 866 frequentant.

131 895 192 935 At
217 893 328 936 nulli
354 907 562 950 proceres
577 924 590 946 ,
615 891 727 936 nulli
751 894 954 949 placuere
977 887 1211 948 Tyranni,

133 975 227 1030 Qui
258 974 478 1032 reliquum
503 975 666 1031 vulgus
690 974 796 1016 dura
822 973 898 1016 sub
924 973 1021 1031 lege
1047 981 1269 1026 tenerent.

198 1057 285 1101 Sed
307 1057 433 1101 velut
456 1056 504 1098 in
528 1054 672 1112 prima
694 1053 915 1098 nascentis
939 1052 1122 1111 origine·
1141 1048 1329 1102 mundi,‘

136 1138 291 1193 Quum
310 1138 519 1181 scelerata
537 1149 707 1181 trucem
725 1137 925 1180 nondum
943 1133 1181 1185 Discordia
1198 1133 1378 1175 vultum

99 1251 107 1254 a
137 1221 392 1272 Extulerat‚
413 1233 556 1275 neque
576 1218 699 1262 Mars
718 1216 875 1260 rastros
895 1226 1087 1259 mutarat
1101 1214 1150 1257 in
1171 1212 1296 1256 enses
1318 1242 1333 1263 ,

135 1302 232 1344 Nec
250 1300 387 1343 scelus
407 1299 598 1342 ediderat
614 1299 729 1359 Styx
745 1296 955 1345 horrida3
976 1294 1154 1352 quisque
1178 1304 1389 1350 paternos

141 1382 365 1423 Exercens
390 1393 519 1437 agros
536 1410 550 1432 ‚
575 1379 701 1421 nullo
725 1377 872 1421 livore
897 1377 1062 1420 feraces

141 1461 337 1506 Alterius
363 1460 531 1518 segetes
547 1491 560 1512 ,
589 1457 825 1515 vicinaque
853 1471 953 1500 rura
976 1456 1155 1502 videbat
1170 1472 1194 1517 ς,

140 1543 275 1585 Haud
299 1541 422 1584 secus
437 1537 680 1582 ‘unanimes
695 1571 708 1591 ,
738 1538 787 1581 in
811 1539 964 1582 eadem
988 1550 1109 1583 turre
1133 1538 1350 1582 columbae

145 1624 371 1667 Innocuos
398 1621 488 1663 fine
511 1622 607 1678 lege
633 1619 725 1664 dies
743 1652 756 1673 ,
779 1619 871 1663 fine
893 1619 1078 1663 crimine
1104 1620 1286 1663 ducunt.

209 1701 431 1757 Omnibus
455 1715 543 1744 una
567 1702 754 1754 domus,
786 1715 883 1758 quae
907 1701 1000 1744 sola
1029 1699 1247 1757 impervia
1266 1698 1378 1742 rixis

144 1785 376 1828 Permanet
388 1815 398 1835 ,
422 1795 533 1825 unus
551 1780 660 1824 inest
678 1795 801 1825 amor
820 1781 1024 1825 omnibus
1042 1814 1055 1835 ‚
1078 1795 1166 1824 una
1181 1781 1417 1830 voluntas3

148 1867 203 1908 Et
231 1879 327 1922 quae
352 1864 465 1920 saepe
489 1863 585 1906 fero
609 1863 803 1918 populos
827 1861 1061 1905 Discordia
1086 1872 1216 1904 motu
1315 1857 1320 1866 “

152 1945 358 2004 Exagitat
374 1977 386 1998 ,
413 1956 639 2001 nunquam
663 1941 873 1987 civilibus
898 1941 991 1985 otia
1017 1940 1144 1984 bellis

154 2026 373 2072 Turbavit
399 2023 576 2083 Cypriae
598 2023 796 2067 volucris
823 2038 837 2073 ·,
863 2036 945 2065 nec
969 2020 1112 2064 dulcia
1136 2019 1256 2078 pacis

152 2108 349 2156 ,Vincula
360 2139 372 2157 ‚
392 2104 532 2162 plebis
547 2117 680 2161 agens
695 2114 891 2147 mentem
908 2102 958 2145 in
972 2101 1141 2146 diversa
1155 2135 1167 2155 ‚
1183 2101 1387 2147 resolvit.

160 2189 162 2191 ’
217 2190 312 2231 Nec
337 2187 472 2229 modo
497 2183 661 2241 pacatis
686 2182 982 2241 penetralibus
1012 2196 1130 2226 arma
1154 2182 1383 2239 quiescunt

158 2269 320 2316 Civica
341 2283 355 2318 ·,
376 2268 449 2310 sed
466 2264 651 2309 studium
670 2277 740 2307 tot
760 2262 1093 2308 convic‘toribus
1112 2277 1248 2307 unum
1267 2263 1353 2308 est:

159 2348 407 2397 Turmatim
429 2345 671 2405 longinqua
689 2346 847 2388 volant
871 2345 925 2388 ad
948 2344 1104 2402 pascua
1123 2358 1135 2386 ι
1154 2344 1325 2388 fontem
1340 2374 1356 2399 ‚

162 2431 211 2477 Si
237 2430 325 2477 fitit
349 2442 436 2475 una
451 2460 466 2483 ,
489 2437 646 2486 petunt
672 2439 829 2473 omnes
849 2440 862 2472 ε
883 2424 916 2471 fi
940 2424 1054 2471 tetka
1076 2424 1255 2479 revisit,

1020 2506 1069 2560 .V
1102 2504 1151 2562 iii
