1500 2834
542 269 588 326 L
606 286 636 327 1
659 286 703 328 B
726 285 767 328 ε
786 284 830 326 R
896 268 965 328 V.
1048 275 1051 278 ⁴
1275 272 1382 344 129

142 366 320 412 Humor
341 367 505 429 ubique
530 359 670 416 subest
690 388 706 423 ς
734 372 879 416 radice
902 385 983 414 nec
1010 382 1124 414 unus
1149 368 1198 413 in
1225 371 1352 413 omni

143 451 396 494 Contextus
422 451 668 510 fimilesque
695 453 784 497 viae
801 483 815 503 ,
845 451 971 509 queis
997 451 1156 508 pabula
1178 462 1306 494 terrae

144 531 314 575 Omnia
331 532 576 578 succedant.
597 533 716 578 Hinc
734 532 902 576 semina
920 542 1062 574 mutat
1080 532 1244 574 Arator
1255 562 1270 583 ,

143 612 199 654 Et
218 612 391 655 milium
407 613 682 670 sparsamque
697 613 795 657 solo
814 612 1059 657 committit
1077 625 1263 655 avenam
1279 643 1293 664 ‚

146 691 355 736 Triticeis
380 693 587 736 alimenta
612 705 774 751 negant
797 693 875 736 ubi
899 692 1101 736 meffibtss
1132 693 1253 752 agri:

124 772 349 829 -Namque
375 786 516 816 novas
535 787 682 817 novus
706 760 955 816 infi'nuatse
974 773 1126 816 succus
1146 773 1194 815 in
1215 774 1386 819 herbas,

207 852 383 896 Interiit
401 845 681 910 quibus-ame
696 854 810 899 l'ocis
829 866 959 899 vetus
980 855 1109 897 arbor
1129 887 1142 907 ,
1162 853 1327 898 eisdem

149 935 300 981 Altera
323 934 407 979 vix
430 935 572 978 oritur
598 951 613 986 3
635 935 821 979 vitalem
846 935 936 977 five
964 933 1178 997 superstes
1207 989 1211 991 -

149 1014 379 1073 Praeripiat
402 1016 579 1059 succum
602 1015 726 1078 radix
742 1039 765 1070 ‚1
784 1016 861 1059 seu
881 1013 1024 1058 tabida
1050 1015 1168 1058 labes

152 1096 327 1139 Imbelli
351 1096 515 1140 funesta
537 1097 650 1140 ferat
677 1096 883 1153 contagia
906 1096 1086 1151 plantae.

154 1178 364 1220 Attamen
386 1190 436 1221 ut
460 1178 637 1234 paribus
659 1176 811 1234 spatiis
835 1174 946 1218 stent
973 1173 1129 1218 ordine
1148 1175 1289 1234 longo

156 1258 345 1302 Arborei
369 1258 513 1302 trunci
530 1290 544 1311 ,
568 1258 724 1302 vacuis
747 1255 823 1300 ubi
846 1255 1015 1298 sedibus
1044 1256 1184 1298 haeres

156 1338 346 1382 Restitui
371 1339 498 1382 debet
520 1354 534 1388 ;
559 1337 684 1382 vasto
709 1335 878 1381 telluris
903 1336 1028 1380 hiatu

160 1419 285 1464 Fofi‘a
309 1419 385 1463 diu
403 1431 552 1477 pateat
578 1435 590 1464 :
612 1430 708 1462 tum
730 1399 1064 1476 stirpibus'igne
1089 1417 1273 1475 perustis

159 1500 447 1559 Purgatoque'
463 1500 562 1544 solo
580 1532 594 1552 ‚
618 1486 778 1542 terram
804 1499 858 1541 de
880 1498 998 1542 valle
1018 1498 1206 1554 petitam

158 1583 215 1625 Et
239 1582 440 1640 putribus
473 1583 684 1639 pinguem
711 1578 835 1624 foliis
862 1578 1063 1636 supplere
1089 1591 1335 1628 memento.

162 1663 237 1706 Sic
264 1677 399 1719 quum
425 1661 630 1718 pestifero
656 1658 755 1719 quis
779 1659 932 1703 funere
954 1651 1116 1716 polluit
1142 1661 1284 1710 κάθες

166 1743 335 1788 Omnia
356 1743 554 1788 contaftu
578 1743 700 1786 foedo
726 1753 938 1785 temerata
961 1740 1157 1785 fenestris
1182 1735 1186 1738 ’
1255 1757 1260 1761 ·
1326 1742 1329 1745 ’

166 1825 359 1879 Ejiciunt
383 1826 537 1881 procul
554 1857 568 1878 ‚
595 1825 639 1867 δε
664 1822 799 1881 (dirae
825 1822 1082 1879 purgamina
1110 1822 1279 1879 pestis)

166 1907 294 1948 Nuda
320 1904 550 1948 salutiferis
577 1904 813 1947 inodorant
836 1903 1006 1947 moenia
1030 1904 1180 1949 fumis.

232 1985 478 2029 Observare
504 1986 636 2041 polos
660 1984 784 2039 juvat
800 2017 812 2037 ‚
842 1985 1001 2041 &quo
1028 1986 1202 2029 cardine
1227 1987 1334 2030 coeli

173 2064 468 2109 Constiterant
483 2097 496 2117 ‚
522 2064 665 2108 eidem
690 2067 848 2109 molles
875 2079 1102 2122 opponere
1127 2069 1331 2123 plantas·‚

168 2146 331 2189 Pabula
354 2158 412 2189 ne
433 2144 614 2189 subeant
638 2160 751 2204 aegre
779 2162 790 2189 :
817 2146 850 2188 fi
873 2146 1048 2203 respicit
1075 2148 1242 2192 Arcton

171 2227 286 2281 Quae
310 2218 482 2270 steterat
505 2240 604 2283 pars
625 2230 724 2271 'ante
748 2226 880 2269 Notis
906 2229 1091 2273 obversa
1116 2231 1343 2288 (minores

168 2309 286 2350 Nam
302 2307 453 2351 Boreae
477 2308 531 2351 de
554 2319 686 2364 parte·
703 2309 840 2350 latent
866 2307 942 2351 sub
968 2310 1133 2354 cortice
1150 2326 1277 2356 venae
1297 2314 1344 2371 ),

172 2388 351 2432 Parcius
376 2388 483 2433 hinc
503 2388 680 2432 succum
706 2388 772 2432 sol
799 2386 824 2431 ὲ
851 2387 1065 2435 radicibus
1091 2391 1196 2435 imis

171 2470 340 2514 Evocat
368 2486 381 2518 :
410 2483 511 2517 ecce
536 2468 662 2518 vides
686 2480 737 2515 ut
762 2467 814 2515 in
837 2467 942 2516 ilice
965 2463 1183 2532 plurimus
1209 2474 1292 2519 ovi

1151 2554 1175 2598 1
