1482 2834
499 242 817 306 {LIBER
875 239 1117 307 ΧΡἽᾸΪ
1272 240 1398 326 373

154 337 326 402 Cingat
342 343 525 392 humum
542 365 557 398 ;
576 350 694 394 ferro
713 350 797 393 fint
814 349 987 407 hispida
1003 348 1118 393 colla
1134 341 1315 392 trisulco
1330 363 1348 392 t
1371 343 1375 358 ³

161 425 329 479 Qualia
354 439 583 486 torquatus
609 432 749 489 vulgo
775 430 887 489 gerit
909 443 1028 474 arma
1051 425 1281 472 molossus.

161 503 350 548 Tristior
374 507 615 566 ingreditur
638 511 763 566 lepus
787 509 1028 554 armillatus
1051 523 1068 558 ς
1095 509 1140 551 &
1164 506 1296 552 arctis

161 582 383 631 Insertans
409 591 578 634 foribus
604 604 734 648 caput
749 623 763 644 ‚
791 572 846 635 ad
871 589 1112 648 penetralia
1137 599 1329 634 matrum
1368 608 1380 621 ss

162 665 387 712 Elut‘htur
411 670 496 715 iter
519 687 536 722 ς
563 672 851 730 domibusque
875 672 1078 716 exclusus
1093 703 1106 725 ,
1131 671 1184 714 ab
1214 669 1314 726 ipso

160 745 341 792 Limine
366 752 659 810 nequicquam
683 754 866 796 blandos
894 750 1078 819 suspirat
1103 762 1298 796 amores·

224 830 352 873 Dura
374 832 488 888 gerit
508 833 616 876 trito
642 847 739 890 quae
765 846 858 876 mas
883 822 1214 890 infignia**collo
1231 863 1246 886 ‚

158 906 293 952 Hunc
307 909 512 966 equidem
526 911 759 956 instituunt
774 911 1004 957 dominum
1018 912 1277 969 pecorisque
1290 904 1482 956 maritum

159 988 356 1045 Furtivo
373 993 575 1046 petulans
603 995 732 1038 audet
755 1006 903 1038 tamen
925 991 1027 1052 igne
1051 991 1261 1048 iuventus

162 1068 327 1112 Debita
349 1069 445 1126 jura
468 1071 559 1115 tori
581 1074 658 1116 vel
683 1084 837 1130 aperto
861 1072 1073 1118 invadere
1093 1070 1248 1120 marte.

162 1149 296 1194 Parce
312 1166 475 1208 procos
491 1153 671 1198 volucri
685 1185 699 1208 ‚
724 1154 868 1199 media
886 1154 1002 1199 inter
1015 1154 1164 1213 praelia
1179 1155 1399 1212 ‚plumbo

162 1231 319 1290 Figere
344 1233 540 1278 rixantes
567 1249 582 1285 3
606 1249 662 1279 ne
687 1249 771 1292 pro
796 1249 916 1280 mare
939 1235 1124 1280 foemi'na
1147 1250 1329 1292 poenam

162 1313 418 1359 Persolvat:
447 1329 549 1359 nam
574 1316 688 1373 saepe
713 1330 870 1375 graves
895 1315 1174 1361 muliebriter
1189 1316 1277 1361 iras

162 1393 384 1438 Exercent
399 1427 413 1449 ,
440 1395 484 1439 &
508 1397 623 1440 bella
649 1409 807 1456 gerunt
832 1397 1068 1455 asperrima
1094 1396 1275 1446 matres·

160 1473 382 1519 AEdiculas
409 1476 502 1519 sera
526 1476 700 1521 subiens
728 1479 782 1521 de
808 1477 939 1522 noete
955 1510 969 1531 ,
993 1476 1185 1533 iacentes

160 1555 427 1612 Aggrediere
452 1570 594 1601 mares
610 1589 624 1610 ,
654 1570 769 1616 quos
795 1556 847 1601 in
870 1557 1086 1602 convivia
1110 1569 1265 1616 captos

159 1635 352 1682 Curabis
381 1635 534 1694 pingui
561 1637 734 1682 sarm-os
759 1640 907 1682 laxare
931 1637 1096 1696 sagina.
1144 1651 1149 1657 “
1189 1671 1195 1674 -

225 1715 398 1773 Vesper
421 1717 497 1760 ubi
525 1728 680 1762 monet
704 1717 863 1762 aestivae
889 1719 1097 1763 decedere
1123 1718 1275 1770 nesti3

161 1796 467 1855 Nequicquam
487 1798 720 1856 compellis
743 1813 876 1858 agens
902 1800 951 1843 in
975 1799 1089 1844 tecta
1103 1832 1116 1854 ‚
1131 1799 1370 1857 receptum

162 1880 271 1923 Non
295 1879 416 1924 audit
439 1880 599 1924 lasciva
623 1882 785 1925 cohors
810 1897 823 1926 ε
848 1880 954 1925 hinc
978 1881 1080 1925 inde
1100 1883 1183 1938 'per
1207 1897 1361 1941 agrum

162 1959 355 2003 Curfitat
372 1993 385 2014 ‚
412 1961 458 2004 δι
483 1962 641 2019 gaudet
664 1962 820 2018 spretis
851 1962 1023 2006 incauta
1049 1963 1231 2021 periclis

164 2039 356 2086 AEstivas
379 2042 404 2087 J
408 2055 498 2086 ove
523 2041 600 2085 sub
630 2043 751 2086 nudo
779 2043 1004 2086 traducere
1031 2042 1185 2087 aoeies
1202 2075 1218 2097 ,

163 2123 262 2167 Nec
285 2122 499 2166 matutini
523 2122 748 2179 prohiberi
773 2123 982 2182 graminis
1005 2124 1158 2170 herba.

228 2203 500 2247 Erudiendus
524 2203 610 2247 erit
631 2203 752 2247 vasta
777 2203 856 2261 qui
882 2217 999 2248 voce
1021 2203 1236 2250 moloss‘us

163 2285 468 2327 Commoneat
484 2315 499 2337 ‚
524 2285 761 2342 morsuque
788 2284 941 2342 pigros
965 2285 1013 2327 in
1029 2284 1146 2328 tedia
1160 2289 1400 2345 propellatj

164 2365 247 2409 Ille
270 2364 347 2409 ubi
370 2366 416 2409 se
439 2378 596 2423 ampo
622 2366 791 2409 medius
816 2364 919 2409 tulit
935 2396 950 2419 ,
973 2377 1104 2424 atque
1130 2366 1293 2415 minaci

164 2445 344 2491 Latratu
367 2446 485 2494 ferus
506 2443 704 2492 insonuit
719 2477 734 2501 ,
757 2458 868 2508 grex
890 2456 1013 2492 totus
1036 2445 1089 2491 in¹
1108 2446 1228 2494 imos

1028 2528 1068 2573 A
1094 2542 1120 2575 a
1150 2528 1201 2583 iv,
