1500 2886
99 269 179 330 74
346 246 682 305 PRAEDII
725 251 1084 311 Rvsrzct
1151 245 1153 247 “

97 352 167 396 Ne
193 350 400 394 damnosa
424 361 578 407 tepens
604 349 813 395 invadant
836 354 982 397 ulcera
1007 357 1189 402 collum.

27 446 30 449 ⁴
96 438 105 475 ν
163 434 380 488 Supremo
405 446 518 490 quos
546 433 639 477 sole
663 434 803 478 boves
829 434 1044 490 disjunxit
1066 438 1226 482 Arator
1243 469 1260 492 ‚
1327 463 1330 466 ·

100 514 315 559 Pontibus
343 514 387 558 &
410 514 564 560 saturis
589 515 733 574 abigat
757 518 1021 576 praesepibus
1041 552 1053 573 ‚
1080 531 1199 566 artus

98 596 223 638 Dum
248 595 387 640 fluido
411 596 768 644 sudore-madent
795 615 806 643 :
834 594 1174 646 fumantia‘feno

99 678 230 721 Colla
253 677 378 722 fricet
397 712 410 733 ‚
438 675 660 738 cost‘asque
687 694 820 724 manu
845 683 1038 741 detergat
1064 681 1220 730 amica.

163 760 407 809 Unanimes
434 761 599 809 faciunt
627 777 814 821 operum
838 764 1062 809 consortia
1090 776 1238 808 tauros
1260 778 1277 814 3
1339 806 1341 808 ,

104 841 177 885 Est
202 842 246 885 &
271 842 475 888 amicitiae
501 844 574 888 sua
598 844 671 888 vis
691 877 703 898 ‚
735 845 940 890 animalia
964 846 1080 892 dulci

103 924 287 967 Foedere
313 938 409 983 quae
433 926 572 983 longo
595 924 701 970 vitae
727 925 972 987 conjungit,
986 928 1039 973 ab
1065 927 1158 972 usu.

103 1005 268 1049 Nonne
291 1005 417 1049 vides
443 1007 590 1051 socios
616 1022 694 1064 per
720 1007 902 1066 pinguia
926 1021 1048 1066 prata
1070 1007 1285 1064 juvencos

109 1087 302 1142 Carpere
324 1100 583 1130 communes
605 1089 759 1132 herbas
777 1121 790 1140 ‚
821 1090 874 1132 ad
900 1089 1083 1133 flumina
1108 1089 1254 1146 pastos

110 1169 180 1211 Ire
207 1168 332 1211 simul
350 1201 363 1222 ,
394 1168 551 1212 mediis
579 1169 666 1212 una
692 1170 949 1214 decumbere
975 1169 1142 1228 campis
1162 1202 1176 1224 ,

113 1249 169 1292 Et
191 1251 315 1293 lento
341 1251 418 1294 sub
443 1253 571 1294 dente
599 1251 722 1295 cibos
747 1266 956 1297 revocare
981 1254 1204 1298 terendos.

176 1331 465 1390 Magnanimo
483 1331 688 1390 quamvis
707 1345 914 1376 armatam
931 1333 979 1376 in
993 1334 1143 1391 praelia
1158 1335 1350 1378 frontem

115 1411 356 1458 Praebuerit
379 1414 544 1458 Natura
569 1414 708 1464 bovi·‚
736 1415 941 1472 filvisque
966 1428 1176 1473 vagantes

125 1496 216 1538 Aut
242 1493 407 1538 stabulo
432 1494 583 1538 clausae
610 1496 798 1551 pecudes
824 1495 872 1539 in
899 1509 1006 1552 pace
1032 1496 1108 1539 sub
1137 1495 1293 1539 iisdem

123 1576 221 1627 Vix
235 1576 433 1619 habitent
451 1575 577 1619 tectis
598 1608 611 1630 ,
641 1575 685 1618 ὃ(
701 1575 781 1619 ovi
798 1590 975 1632 quoque
995 1575 1137 1620 debile
1154 1588 1292 1619 cornu

123 1657 292 1702 Pruriat
316 1658 364 1700 in
388 1672 610 1716 pugnanr,
640 1657 850 1702 convivae
879 1658 1000 1702 nulla
1029 1656 1210 1711 iuvenci

125 1739 246 1783 Bella
269 1752 455 1783 movent
474 1755 485 1784 ι
505 1739 662 1783 animis
683 1737 849 1796 agitant
871 1737 1161 1782 concordibus
1181 1750 1357 1794 aevum3

125 1822 290 1866 Oscula
311 1820 420 1878 quin
444 1819 577 1864 etiam
599 1820 786 1877 jungunt
805 1851 817 1872 ,
846 1818 1087 1876 feffumque
1112 1817 1245 1863 soluti

127 1905 279 1958 Quum
298 1903 484 1960 posuere
503 1903 618 1945 latus
637 1900 837 1944 formoso
856 1899 904 1942 in
923 1898 1118 1957 gramine
1136 1932 1149 1953 ,
1171 1901 1332 1943 molles

126 1984 366 2028 Blanditias
394 1983 631 2032 adhibent3
668 1983 711 2025 ὅ(
737 1981 920 2024 amicam
945 1981 1056 2024 ferre
1081 1979 1268 2023 viciffim

128 2067 275 2111 Novit
298 2081 432 2124 opem
463 2063 614 2123 grandi
639 2064 744 2107 dens
776 2061 995 2105 officiosus
1023 2061 1146 2105 hiatu
1167 2077 1180 2112 3

129 2149 254 2191 Alter
278 2159 328 2190 ut
352 2145 528 2190 alterius
557 2143 781 2201 prurigine
806 2142 962 2186 liberet
990 2156 1154 2186 armos.

195 2228 384 2272 Stridula
409 2226 630 2271 contentis
655 2223 740 2268 una
764 2223 1010 2268 cervicibus
1035 2225 1165 2268 ambo

133 2308 323 2355 Plaustra
340 2309 519 2352 trahunt
534 2340 547 2361 ‚
565 2306 746 2363 totaque
766 2305 891 2349 fimul
909 2304 1109 2347 nituntur
1128 2317 1266 2362 opum
1284 2301 1358 2348 vi:

137 2390 304 2437 officio
328 2401 490 2433 certare
516 2401 643 2445 putes
661 2421 672 2441 ‚
704 2381 747 2431 81
772 2399 1005 2443 utrumque
1032 2384 1169 2429 sodali

137 2473 186 2521 V
187 2474 269 2518 elle
296 2472 375 2517 suo
400 2469 601 2531 gravium
626 2467 780 2513 solatia
803 2468 915 2512 ferre
938 2467 1155 2520 laborum.
