1500 2886
508 233 821 289 LIBER
868 230 956 289 II.
1266 249 1363 309 49·

113 333 260 391 Quam
286 335 320 379 fi
346 336 453 378 dura
471 334 584 379 ferat
602 335 766 392 longos
785 333 954 378 incuria
977 332 1178 377 morbos.

173 419 267 460 Dat
284 418 375 461 fine
393 417 542 460 fraude
561 417 693 472 dapes
713 447 727 468 ‚
762 415 981 472 operique
1000 398 1160 459 cibaria
1178 414 1288 457 duro

115 499 397 555 Respondete
427 497 548 552 iubet
567 528 580 550 ‚
613 510 696 539 nec
727 509 885 539 avarus
916 499 1076 552 pocula
1106 495 1216 538 tristi
1254 524 1257 526 -

115 579 278 622 Miscet
294 578 407 636 aqui
424 611 438 631 ,
477 577 606 634 nigro
625 576 814 619 famulos
834 590 917 619 nec
938 575 1104 618 furffire
1123 574 1258 632 pascit
1275 607 1288 628 ‚
1363 607 1368 612 .

114 659 285 703 Durius
303 658 389 702 effe
406 669 566 714 putans
586 656 630 698 δι
649 655 855 712 iniquum
881 669 1062 698 munera
1080 655 1187 698 vitae
1207 688 1220 708 ‚

118 742 348 784 Humanos
367 752 466 796 quae
489 750 603 781 terra
622 750 779 793 parens
802 737 987 795 largitur
1011 737 1058 779 in
1077 737 1180 781 usus
1202 769 1216 790 ‚

117 819 276 864 Deeffe
294 818 405 862 viris
421 851 435 871 ‚
467 817 625 875 quibus
645 816 740 874 ipsa
757 817 856 861 suas
875 819 1067 862 exercita
1086 820 1216 862 tellus

117 903 263 948 Debet
283 914 392 958 opes
421 915 434 943 ε
461 898 608 942 socios
627 912 814 955 operum
835 898 958 943 cibus
978 914 1091 942 unus
1110 899 1352 956 hez-umque

119 982 308 1026 Sustinet
326 998 338 1025 ε
358 995 446 1024 una
464 980 581 1023 fitim
604 980 912 1024 communibus
931 982 1144 1038 amphora
1163 982 1322 1025 meniis
1363 985 1372 1018 .ἶ

120 1062 302 1112 Abluit3
330 1056 466 1119 utque
486 1062 591 1105 sciat
607 1061 680 1105 cui
698 1063 874 1106 credere
892 1062 1022 1119 poflit
1036 1095 1049 1116 ,
1076 1064 1293 1107 abundans
1367 1096 1371 1098 -

123 1143 311 1189 eonfilii
331 1176 344 1197 ‚
372 1156 520 1186 tamen
538 1144 757 1187 interdum
777 1159 872 1201 quae
893 1144 1059 1188 semina
1077 1144 1205 1188 terris

125 1225 312 1281 Optima
331 1258 345 1278 ,
380 1240 478 1283 quae
495 1225 605 1269 vitis
624 1226 970 1270 meliorcultura
986 1259 999 1279 ‚
1031 1226 1232 1283 requirit.

187 1307 423 1363 Temperat
443 1305 677 1363 imperium
698 1305 933 1349 clementia
952 1322 963 1350 ε
981 1308 1129 1350 'lentus
1147 1309 1198 1350 ad
1217 1307 1326 1350 iram
1366 1303 1374 1342 ἶ

126 1388 407 1444 Verberaque
427 1386 616 1445 ignoscit
634 1385 808 1430 famulis
830 1420 842 1440 ‚
862 1389 1119 1444 mavultque
1139 1401 1296 1433 cavere
1367 1408 1370 1416 ¹

126 1469 194 1510 Ne
214 1480 398 1524 peccent
412 1501 426 1521 ‚
446 1466 616 1511 meritis
638 1467 786 1512 sontes
807 1466 938 1525 quam
955 1467 1144 1524 pledhere
1162 1468 1326 1525 poenis.

124 1548 294 1603 lnjeao
321 1550 535 1592 nonnulla
558 1561 680 1592 metu
697 1580 710 1601 ‚
728 1549 813 1592 ·sed
837 1548 1025 1605 plurima
1051 1548 1206 1593 sanctis

126 1629 332 1676 Moribus
358 1631 561 1674 emendat
586 1642 600 1674 ι
629 1643 710 1686 per
735 1631 867 1673 duros
892 1631 1086 1673 membra
1112 1631 1283 1674 labores

127 1694 350 1755 Exercens
371 1744 384 1764 ‚
412 1711 602 1754 animam
632 1711 837 1768 prohibet
865 1712 1144 1755 succumbere
1171 1713 1328 1770 culpis.

129 1792 280 1835 Latius
311 1791 414 1835 hinc
439 1806 614 1849 magnas
632 1824 646 1845 ,
675 1793 797 1851 pagis
828 1792 979 1851 ignota
1000 1826 1012 1846 ‚
1039 1807 1117 1850 per
1141 1796 1268 1838 urbes

135 1872 359 1918 Graffatur
378 1873 588 1916 scelerum
606 1873 738 1917 facies
759 1906 772 1927 ,
803 1873 923 1932 quod
941 1875 988 1917 in
1018 1875 1195 1918 urbibus
1215 1878 1300 1920 alta
1365 1883 1375 1908 ἒ

131 1953 309 1996 Desidia
324 1952 406 2006 est,
428 1967 701 2011 operumque
718 1954 868 2011 quies·,
886 1970 1149 2013 morumque
1164 1957 1363 2016 magister

135 2034 349 2092 Optimus
368 2034 596 2093 Agricolas
618 2035 737 2079 curis
754 2038 878 2079 labor
896 2050 1021 2094 urget
1038 2037 1246 2082 honestis.

55 2164 59 2168 ,
134 2115 328 2173 Villicus
343 2116 552 2171 exemplo
569 2115 693 2172 praeit
710 2116 1079 2174 ipse3ducemque
1098 2120 1336 2175 sequuntur
1350 2154 1361 2174 ‚

135 2196 189 2238 Et
222 2209 397 2240 morum
418 2195 572 2239 famuli
592 2194 720 2240 testes
750 2196 948 2253 sociique
976 2199 1174 2241 laborum
1199 2232 1212 2253 ‚

135 2278 242 2319 Non
267 2275 485 2330 adjutores
513 2288 564 2319 ut
593 2275 642 2318 iu
661 2276 766 2320 urbe
793 2276 989 2320 lihidinis
1014 2278 1182 2322 adsunt.

198 2358 256 2400 At
275 2370 416 2414 neque
436 2355 564 2400 ceffat
583 2371 697 2414 opus
718 2389 732 2411 ‚
763 2356 904 2413 ruptis
924 2357 1001 2400 ubi
1022 2359 1207 2402 nubibus
1229 2359 1369 2406 imber

136 2438 319 2497 Largior
345 2437 574 2497 Agricolas
602 2450 725 2495 tenet
750 2437 865 2484 intra
897 2439 1009 2484 testa
1033 2440 1217 2491 :lavari

1079 2520 1126 2563 D
