1500 2886
453 226 763 283 LIBER
840 221 963 280 11.
1240 238 1321 300 47

82 329 169 374 Pro
188 329 369 385 platano
385 327 468 371 stat
487 329 611 383 palus
628 324 754 369 humi
773 340 788 375 ·,
807 326 880 382 vel
901 324 1090 382 pendula
1103 336 1253 367 ramos
1324 351 1340 358 «.
1429 352 1433 355 -

82 410 254 463 Deiicit
267 442 280 461 ,
307 411 349 452 δι
369 410 528 453 baculo
546 408 702 464 primis
722 420 813 449 non
832 407 941 450 fulta
959 406 1036 448 sub
1054 404 1182 449 annis

80 492 233 536 Planta
260 504 407 534 manet
434 501 639 534 contorta
655 521 668 540 ,
697 489 819 531 Noto
841 489 915 530 vel
948 487 1048 530 laesa
1076 484 1287 543 procaci:

87 575 215 617 Hanc
242 571 359 615 flexa
384 571 562 614 cervice
582 569 705 612 videt
729 580 882 616 nutare
899 600 913 619 ‚
934 567 1148 625 gravique

87 652 280 696 Vertere
294 652 447 695 fronde
456 651 606 704 ,solnm
618 682 632 703 ‚
649 662 730 692 nec
744 662 879 705 opem
896 649 1098 706 dignatur
1112 648 1299 692 amicam

88 735 218 778 Ferre
243 730 456 775 laboranti
472 762 486 783 ,
504 743 806 787 quernumque
828 727 1062 786 adjungere
1086 730 1236 784 palum
1251 760 1268 781 ,

91 814 185 869 Qui
202 811 400 870 fragilem
414 810 607 854 trucibus
623 810 819 866 plantam
835 809 1035 858 defendat
1050 809 1103 851 ab
1119 807 1305 855 Austris.

90 895 176 952 Ipfi
200 896 309 938 adeo
327 925 341 946 ‚
366 892 536 936 miseris
562 893 724 940 dudum
748 891 780 933 fi
804 889 1002 948 praefidet
1029 889 1148 932 arvis
1165 921 1180 942 ‚
1203 942 1207 946 ῃ

93 976 352 1031 Depereant
375 973 523 1017 fontes
543 988 557 1023 ·,
576 971 843 1015 sterilescunt
862 984 1015 1028 prata:
1035 969 1228 1025 jacentes

94 1054 305 1098 Destituit
328 1056 466 1097 colles
491 1055 650 1097 humus
672 1052 766 1109 ipsa
796 1052 1069 1095 trahentibus
1093 1050 1221 1095 undis
1238 1066 1256 1101 ·‚

96 1137 242 1192 Atque
267 1135 341 1178 ubi
366 1134 465 1192 post
488 1136 662 1191 aliquot
684 1134 838 1176 villam
864 1132 1144 1177 infamaverit
1167 1146 1310 1176 annos

96 1217 242 1260 Lirem
268 1230 351 1273 pro
377 1215 501 1272 ρειᾶἱι
525 1214 648 1258 fundi
672 1216 870 1258 mercede
896 1214 1122 1271 relinquit.

163 1298 286 1340 Hanc
306 1310 482 1354 quoque
501 1295 614 1351 saepe
629 1295 718 1337 dati
736 1294 859 1351 prior
878 1307 1064 1350 occupat
1080 1294 1178 1338 aeris
1198 1295 1373 1339 acerbus

105 1378 332 1429 creditor,
361 1378 404 1420 &
428 1375 556 1422 miffo
582 1375 743 1431 spoliat
766 1374 922 1418 lictore
951 1377 1179 1418 colonum.
1211 1424 1213 1426 ,

104 1460 305 1503 Servatas
329 1457 466 1514 hiemi
492 1457 658 1513 segetes
686 1457 730 1498 δι
753 1455 861 1498 vina
878 1488 892 1508 ‚
916 1457 1109 1509 lebetes,

104 1540 169 1582 Ac
193 1540 434 1591 thalamos,
467 1539 511 1580 ὃ(
538 1551 651 1594 quos
677 1537 825 1579 alieno
851 1537 1043 1579 Viuicus
1067 1551 1180 1580 auro

106 1620 279 1663 Emerat
292 1652 305 1672 ‚
324 1620 376 1662 ad
392 1619 556 1661 tristem
573 1618 696 1660 videt
711 1617 799 1659 heu
819 1621 828 1661 !
850 1631 951 1659 cum
970 1618 1165 1662 curribus
1180 1617 1341 1661 hastam

106 1701 230 1744 Stare
255 1702 422 1752 boves,
447 1700 640 1755 vocique
666 1711 797 1742 novae
821 1712 1248 1756 parerecoemptos.

109 1782 264 1823 Nudus
290 1793 429 1836 opum
450 1781 583 1823 nudas
606 1779 768 1835 repetit
791 1779 1084 1823 moestiffimus
1109 1782 1222 1824 aedes
1239 1812 1256 1834 ‚

112 1863 147 1905 Ε
173 1861 328 1919 quibus
352 1875 466 1918 aegra
490 1861 627 1904 fames
654 1859 792 1918 abigit
807 1891 822 1915 ‚
849 1860 1013 1905 servire
1038 1862 1244 1905 coastum

112 1944 205 1999 Qui
232 1943 409 1986 famulis
433 1945 576 2000 legem
602 1943 777 1986 dederat
801 1957 813 1987 t
841 1943 1126 1987 memorabile
1150 1944 1288 2002 pigris

114 2024 377 2080 Exemplum
402 2025 504 2068 dein
526 2025 748 2082 Agricolis
766 2057 779 2078 ‚
803 2038 853 2068 ut
880 2039 1025 2068 amare
1051 2027 1270 2078 laborem,

111 2106 251 2163 Inque
276 2105 364 2149 suis
390 2105 582 2149 nummis
610 2106 654 2148 &
679 2119 806 2162 parce
831 2104 986 2149 vivere
1009 2105 1188 2150 discant.

66 2172 70 2177 ’
163 2179 444 2230 'Fortunatus
466 2200 568 2244 ager
590 2188 730 2244 longo
759 2200 891 2243 quem
917 2186 1107 2229 vinicus
1137 2187 1218 2229 usu

116 2267 261 2311 Novit
277 2299 290 2319 ‚
318 2267 362 2309 ὅ(
378 2281 554 2312 exercet
573 2268 710 2311 multa
730 2282 830 2311 cum
849 2270 974 2324 prole
993 2283 1006 2317 ;
1032 2268 1219 2324 suosque

117 2348 242 2392 Ditis
262 2362 373 2391 avos
390 2349 514 2392 fundi
533 2362 766 2394 numerans
785 2349 1023 2405 atavosque
1043 2351 1231 2391 colonos
1248 2380 1261 2400 ‚

120 2429 236 2474 Huic
259 2429 407 2488 patrio
430 2430 550 2489 quas:
569 2430 666 2488 jure
690 2430 840 2489 praeest
857 2446 870 2477 :
889 2444 970 2476 nec
993 2429 1143 2487 junior
1165 2441 1271 2474 aetas
