1482 2834
468 214 755 271 LIBER
815 212 1015 271 XIV.
1221 226 1335 289 339

109 312 238 359 Illius
262 313 308 360 δι
326 313 486 373 stipant
504 318 617 359 latus
630 348 644 369 ‚
662 328 792 373 atque
810 315 919 358 hinc
937 314 1036 357 inde
1057 312 1309 368 frequentes

111 395 360 440 Involitant
375 429 388 450 ‚
415 397 590 455 quoties
613 400 768 441 oculos
791 411 871 454 per
894 409 1019 440 cerea
1043 393 1250 448 Princeps

111 475 265 535 Regna
286 478 431 522 ferens
447 510 460 532 ,
485 489 612 536 urget
636 478 824 534 praesens
848 487 1102 532 recreatque
1123 473 1315 516 labores·

176 558 447 603 Othomanis
474 572 620 604 autem
643 559 787 603 veluti
813 573 906 602 non
932 571 1020 602 una
1043 552 1268 613 Tyrannis

109 637 343 697 Coniugio
365 639 508 684 stabili
529 639 720 684 sociatur
742 622 927 683 foemina
949 653 965 688 3
989 638 1137 694 plures

112 718 189 763 Sic
213 721 342 763 habet
365 719 414 763 in
436 733 647 764 venerem
671 732 866 776 praeceps
890 716 1069 785 Reginak
1085 714 1268 759 maritos
1285 722 1303 768 ‚'

114 799 247 854 Quos
273 800 414 843 Fucos
441 799 592 843 dixere
610 799 628 844 ἐ
654 812 789 856 pecus
814 797 1045 855 spectabile
1069 786 1190 840 rnole

116 879 348 937 Corpore&
363 912 377 933 ‚
403 881 477 924 sed
500 880 619 925 iners
646 881 690 925 ὅ(
714 881 763 924 in
786 879 879 924 otia
903 878 1053 938 segnia
1078 891 1227 923 natum
1243 893 1258 922 t

115 959 260 1015 Queis
284 963 399 1005 mala
420 961 630 1020 regnandi
654 961 807 1007 veniat
831 975 888 1005 ne
911 960 1028 1004 forte
1054 958 1216 1016 cupido
1233 989 1249 1012 ‚

114 1041 352 1099 Uxorique
374 1042 502 1086 viros
526 1043 686 1100 pudeat
713 1042 878 1086 servire
896 1073 910 1094 ‚
934 1037 1173 1098 quotannis

46 1145 49 1147 v
112 1122 294 1166 Invadit
317 1121 548 1167 furibunda
572 1137 714 1167 mares
739 1123 862 1179 plebs
888 1119 1036 1164 omnis
1061 1119 1252 1163 inermes
1269 1133 1288 1171 ⁶,

116 1203 219 1247 Hos
247 1205 292 1247 &
315 1204 565 1248 Amazonio
592 1203 683 1247 ritu
709 1204 784 1246 vel
810 1213 956 1245 morte
980 1211 1236 1258 peremptos

120 1284 290 1328 Sternit
305 1285 460 1337 humi,
482 1284 735 1341 trepidosve
753 1282 841 1326 suis
860 1282 1017 1339 procul
1037 1278 1341 1336 ejicitalvein

180 1366 427 1422 Explorans
452 1364 645 1421 paritura
669 1376 796 1408 toros
821 1363 991 1422 Regina
1018 1373 1193 1418 paratos
1208 1393 1224 1416 ,

60 1447 66 1453 ’
120 1445 280 1492 Inserit
304 1446 496 1490 alveolis
524 1455 684 1502 caput,
709 1455 760 1488 ut
789 1459 885 1502 quae
914 1442 1096 1487 nixibus
1122 1443 1224 1487 edet

124 1526 239 1571 Unis
265 1540 354 1571 ova
380 1540 541 1583 parens
566 1527 758 1583 deponat
786 1524 954 1582 fingula
975 1522 1109 1568 nidis.

49 1654 57 1661 ,
117 1606 386 1652 ,Circumstat
408 1606 563 1664 stipata
585 1607 750 1650 cohors
767 1638 780 1659 ‚
806 1617 1023 1662 uteroque
1046 1606 1270 1649 dolentem

124 1688 341 1745 Reginam
365 1674 710 1743 mulcet‘pennis
736 1701 751 1736 3
779 1686 822 1729 &
852 1700 1074 1729 murmure
1098 1686 1260 1730 blando

127 1770 347 1813 Hortatur
370 1768 504 1812 duros
531 1767 679 1824 partus
703 1769 892 1811 tolerare
916 1769 1107 1811 labores.

129 1850 211 1893 Illa
235 1862 355 1893 retro
379 1848 578 1907 gradiens
603 1848 758 1891 averso
783 1862 971 1905 corpore
994 1847 1124 1891 nidos

128 1928 379 1988 Ingreditur
403 1945 416 1973 ε
442 1928 686 1986 parientem
712 1928 829 1972 abdit
854 1929 1091 1987 sexangula
1116 1943 1246 1981 cera;

132 2011 280 2055 Turba
303 2009 500 2054 ministra
522 2022 669 2055 tamen
692 2024 858 2067 pennas
884 2012 937 2053 ad
963 2010 1120 2054 limina
1147 2013 1290 2056 tensas

134 2091 338 2147 Explicat
353 2123 367 2144 ,
390 2091 611 2134 obducens
634 2091 734 2134 fetae
759 2089 876 2147 quasi
903 2091 1004 2133 vela
1029 2092 1229 2147 parenti:

134 2171 400 2230 Virginibus
415 2183 583 2216 tantum
604 2174 746 2230 pudor
765 2185 896 2230 atque
923 2171 1135 2215 modestia
1153 2172 1275 2217 cordi
1289 2173 1368 2220 est.

200 2254 307 2298 Non
333 2251 572 2296 intermifl'o
598 2253 767 2312 Regina
795 2266 1008 2310 puerpera
1038 2253 1130 2297 fetu

140 2333 246 2378 Ova
271 2335 420 2377 decem
442 2335 517 2378 vel
541 2335 666 2390 plura
690 2333 806 2390 parit
827 2366 840 2386 ,
863 2332 1139 2391 totidemque
1162 2335 1340 2395 reponit

140 2414 342 2461 ,alveolis
372 2429 388 2467 5
414 2414 459 2461 δι
480 2414 709 2461 Manenas
739 2414 911 2460 imitata
937 2425 1142 2474 potentes
1159 2447 1176 2473 ,
