1500 2834
516 228 565 300 L
582 257 615 301 ι
638 256 683 300 Β
706 259 749 302 ε
771 260 817 303 ιι
863 230 927 303 V
929 242 982 305 Ι.
1263 241 1366 324 '1163

138 325 298 386 {fluuit
324 343 503 389 armatis
527 345 576 389 in
604 359 757 391 mutua
784 347 938 392 funera
965 345 1136 402 Gallis3

139 423 326 469 Haerefis
354 426 577 472 emoriens
603 429 835 484 supremos
859 442 965 472 ecce
989 428 1163 473 furores

79 513 85 516 ’
138 504 267 548 Efflat
292 521 307 555 ;
335 507 380 550 δι
403 521 460 551 ex
485 508 585 552 altis
609 508 824 552 fumantia
849 508 964 552 tecta
991 507 1219 554 Gebennis
1235 540 1250 559 ,

137 586 412 645 Templaque
428 588 649 648 sactilegis
668 590 770 633 data
786 588 978 633 flammis
991 621 1006 642 ,
1025 603 1214 646 corpora
1231 588 1340 633 diris

137 668 259 710 Caesa
283 669 429 712 modis
445 702 459 723 ,
481 683 574 712 uno
599 670 746 725 plures
775 669 824 712 in
853 671 1009 714 funere
1033 682 1200 712 mortes
1219 699 1233 722 ,

135 749 408 807 Barbaraque
435 751 480 794 δι
502 749 632 794 saevis
657 751 771 794 olim
795 750 882 793 vix
906 762 1016 793 nota
1038 735 1267 807 Tyrannis

132 831 359 888 Supplicia
383 830 606 875 ostentans
619 858 634 886 ‚
660 832 1002 889 consolaturque
1026 832 1229 875 dolorem

131 912 230 969 Ipsa
253 913 379 956 suum
399 927 415 963 3
441 912 619 971 jamque
644 913 796 957 oblitis
825 913 930 957 facit
954 912 1092 969 impia
1120 911 1264 956 Gallis

131 994 255 1039 Utile
275 1026 290 1047 ‚
311 993 386 1038 sed
411 1007 616 1039 veterum
641 997 956 1040 documentum
981 993 1102 1039 triste
1127 996 1350 1039 dolorum.

190 1075 327 1134 Perge
340 1070 359 1121 ἓ
375 1087 525 1120 novus
539 1077 666 1120 labor
680 1089 781 1120 ecce
794 1087 943 1120 manet
955 1074 1000 1120 te
1011 1108 1026 1129 ,
1044 1075 1242 1119 maxime
1261 1077 1460 1137 Regum3'

130 1145 204 1199 Da
229 1156 410 1213 populis
434 1156 631 1201 stabilem
655 1157 878 1201 fortunam
904 1173 930 1202 z,
945 1156 1094 1200 Gallia
1123 1158 1262 1200 solam

132 1238 189 1280 Se
214 1236 343 1281 timet
363 1269 378 1292 ,
404 1238 449 1281 &
472 1237 621 1282 sciffos
645 1238 780 1290 studia
806 1239 855 1281 in
882 1238 1104 1282 contraria
1133 1238 1272 1285 cives.

131 1318 275 1363 Effera
290 1351 305 1374 ,
335 1334 432 1377 quae
457 1331 628 1364 tantum
648 1319 795 1364 valuit
815 1320 993 1363 suadere
1019 1321 1238 1365 malorum
1258 1352 1271 1375 ,

130 1401 316 1444 Haerefis
341 1414 427 1444 una
450 1400 594 1457 potest
610 1386 785 1445 veteres
813 1414 1032 1445 renovare
1057 1403 1270 1446 tumultus
1284 1418 1303 1455 ;

127 1483 209 1526 Illa
235 1482 483 1539 voluptatis
509 1483 733 1540 quondam
757 1482 944 1539 spirabat
970 1466 1141 1539 apertas

113 1563 338 1607 =Blandior
362 1545 600 1608 illecebras*
613 1579 630 1614 ς
655 1574 829 1608 mutato
854 1551 1039 1608 nomiue
1061 1566 1230 1610 larvam

115 1644 276 1689 ,Induit
300 1658 403 1689 ecce
432 1644 600 1690 novam
617 1676 631 1698 ,
656 1646 810 1689 vultus
834 1643 1022 1688 mentita
1045 1645 1204 1690 seniles
1219 1675 1234 1699 ‚

126 1725 421 1782 Austerosque
444 1724 554 1769 foris
578 1723 754 1769 habitus
774 1741 788 1769 ε
813 1739 909 1770 non
931 1725 1057 1770 invia
1080 1725 1181 1770 telis
1254 1787 1258 1791 ‚

127 1804 198 1847 Est
214 1817 363 1854 tamen
375 1804 453 1849 illa
466 1805 555 1849 tuis
571 1821 583 1850 ε
599 1817 774 1850 veteres
789 1819 1053 1864 quamquam
1069 1808 1257 1869 advocet
1275 1815 1415 1864 artes,‘

128 1885 183 1928 Et
207 1886 252 1928 se
279 1885 390 1929 mira
413 1901 565 1931 recens
589 1886 775 1933 Proteus
799 1888 1083 1932 transformet
1107 1889 1155 1932 in
1182 1903 1290 1940 ora;

130 1967 346 2023 Saevaque
373 1981 489 2012 nunc
518 1968 645 2026 tigris
668 1968 748 2015 fiat
762 2001 778 2024 ,
801 1971 879 2014 vel
904 1969 1043 2014 amica
1067 1971 1165 2014 luto
1189 1972 1291 2021 sus3

128 2047 259 2108 Nunc
283 2047 410 2092 vario
432 2049 524 2094 sese
547 2060 671 2094 tortu
694 2049 830 2108 plicet
854 2067 870 2101 3
896 2063 1027 2109 atque
1053 2053 1217 2095 severis

43 2136 46 2140 ⁴
130 2127 300 2195 Saepius
324 2142 351 2174 e
374 2129 574 2176 manibus
594 2129 680 2175 tibi
707 2130 904 2175 lubricus
929 2132 1102 2177 excidat
1128 2133 1298 2193 anguis.

592 2323 876 2392 &Q
