1500 2886
490 264 535 319 L
557 276 588 318 ι
613 273 725 317 Bt
750 273 793 316 n
845 256 938 316 It.
1251 255 1343 318 6112

93 363 305 421 Accipere
322 396 336 418 ,
368 363 413 407 &
432 361 551 406 dulci
568 360 681 405 velit
701 361 848 404 oscula
864 359 1042 404 reddere
1060 356 1191 405 matri
1210 389 1228 411 ‚
1327 367 1333 373 “

97 446 415 503 Plaudentique
440 458 608 502 patrem
633 445 888 486 redeuntem
911 441 1094 498 vespere
1123 439 1213 483 risu

97 528 324 582 Noster-e,
353 529 398 571 &
423 529 675 583 amplexum
699 524 870 580 cupidis
896 523 1058 566 ambire
1083 519 1274 568 lacertis.

100 611 161 652 At
191 624 300 665 puer
326 608 541 666 ingenuus
572 605 650 663 qui
679 605 755 648 sub
783 603 1060 661 laquearibus
1088 601 1234 647 aureis

102 690 345 738 Exoritur,
377 687 485 731 tristi
511 685 679 743 patrios
705 697 875 728 mutare
901 695 1081 740 penates

109 771 299 828 Cogitur
325 767 501 817 exili03
531 765 763 822 pofitoque
793 778 1007 822 puerpera
1032 765 1148 808 foetu

108 850 306 894 foemina
320 841 447 892 dives
463 861 602 904 opum
613 879 626 900 ,
642 845 812 890 ventris
829 860 932 889 cum
946 846 1142 902 pondere
1158 857 1352 893 matrem.

107 931 243 975 Exuit
260 946 273 980 3
291 943 422 987 atque
446 931 581 973 boum
606 928 801 986 mugitus
827 928 942 972 inter
966 929 1164 971 alendam

111 1014 204 1058 Rus
221 1011 376 1070 aliquo
396 1013 595 1056 sobolem
615 1011 793 1057 domina
808 1012 968 1068 'procul
986 1011 1091 1053 urbe
1110 1011 1273 1068 relegat
1291 1025 1307 1060 ;
1335 1022 1341 1032 ’

114 1095 316 1152 Quaeque
336 1094 433 1137 cani
451 1095 640 1152 sugenda
657 1093 776 1136 dabit
794 1125 808 1146 ,
835 1103 966 1150 negat
983 1092 1115 1135 ubera
1131 1092 1267 1135 Nato.

119 1176 315 1223 Gibbere
336 1207 350 1227 ‚
379 1174 569 1218 distortis
594 1175 761 1218 foedum
786 1175 860 1217 vel
885 1172 1081 1216 cruribus
1097 1205 1110 1226 ,
1137 1186 1279 1216 annos

120 1257 224 1301 Post
238 1257 423 1314 aliquot,
440 1270 625 1313 puerum
641 1255 813 1312 recipit,
832 1269 964 1313 quem
980 1253 1171 1311 plurima
1185 1252 1352 1311 paffum
1378 1300 1381 1304 ,

121 1340 229 1382 Non
254 1339 387 1381 oculo
412 1337 544 1381 novit
561 1370 575 1391 ,
604 1351 698 1380 non
726 1335 919 1394 pectoris
946 1317 1089 1378 indice
1115 1347 1260 1378 motu.

185 1420 438 1476 Susceptam
461 1419 553 1461 ruri
579 1430 734 1462 contra
756 1417 831 1474 pia
858 1416 1022 1459 Villica
1046 1418 1219 1472 prolem

124 1501 274 1559 Usque
294 1500 416 1544 domi
436 1501 563 1544 fovet
582 1516 596 1550 ·,
629 1501 674 1544 &
691 1499 854 1543 teneris
874 1498 1089 1555 impendit
1108 1496 1297 1541 alumnis

126 1585 255 1639 Quos
278 1584 444 1626 Natura
468 1582 584 1624 finus
613 1579 819 1637 implevit
842 1578 953 1622 labile
978 1590 1227 1641 tumentes-¹

127 1663 235 1720 Quo
256 1665 299 1707 se
319 1677 506 1719 cumque
525 1662 634 1705 ferat
652 1693 666 1715 ‚
693 1660 863 1719 gremio
882 1674 961 1716 per
980 1659 1127 1702 oscula
1145 1658 1314 1701 circum

128 1746 324 1793 Pendet3
350 1743 521 1800 iterque
540 1744 662 1785 levat
680 1740 911 1799 gratiffima
930 1739 1095 1783 sarcina
1116 1755 1126 1782 ε
1149 1739 1300 1783 matris
1328 1768 1330 1771 -

130 1828 252 1875 Inter
277 1839 390 1883 opus
408 1857 422 1878 ‚
446 1825 601 1867 tellure
626 1822 738 1878 jacet
762 1823 851 1866 fine
876 1821 1050 1865 fletibus
1076 1821 1252 1870 infans;

133 1909 188 1952 Et
215 1920 369 1950 tenero
398 1904 486 1961 jam
512 1917 606 1948 tum
634 1903 749 1947 soles
774 1902 969 1946 affuescit
995 1903 1042 1946 in
1069 1916 1185 1948 aevo.

196 1990 408 2031 Naturam
428 1986 623 2043 sequitur
641 1984 835 2043 genitrix
852 1984 1040 2028 studiosa
1060 1986 1303 2043 magistram
1321 2002 1336 2032 ε

136 2067 328 2114 Amifi‘os
348 2068 470 2111 videt
489 2080 537 2110 ut
554 2067 690 2110 foetus
711 2080 846 2123 genus
870 2079 1003 2109 omne
1021 2069 1256 2111 volucrum

138 2150 315 2195 Defleat
335 2164 351 2198 ·‚
378 2160 428 2191 ut
447 2160 574 2203 rapto
592 2146 739 2190 vitulo
760 2146 1029 2203 queribunda
1047 2162 1126 2203 per
1144 2150 1258 2193 altos

140 2232 289 2277 Vacca
313 2243 471 2285 parens
496 2228 628 2271 saltus
654 2240 797 2281 erret,
830 2227 1068 2285 mugitibus
1099 2242 1223 2273 auras

142 2313 331 2368 Impleat
351 2342 365 2363 ‚
399 2309 442 2352 δι
460 2308 669 2351 stabulum
687 2307 774 2362 jam
793 2308 886 2350 sole
905 2309 1083 2350 cadente
1102 2308 1297 2355 revisens
1352 2327 1354 2330 ⁴

149 2389 400 2438 Grandibus
421 2403 499 2433 ora
517 2388 632 2446 riget
649 2387 858 2446 lacrymis
876 2419 890 2440 ,
914 2400 995 2430 nec
1013 2388 1210 2445 lympida
1227 2405 1349 2437 curet

146 2470 452 2527 Fluminamec
466 2467 828 2530 pinguem,vituli
843 2481 1015 2515 memor
1030 2471 1372 2524 unius‚herbam.
