1500 2886
522 229 834 286 LIBER
878 225 971 282 II.
1062 221 1091 228 ”
1277 222 1367 300 ‘'‘57

131 333 186 376 Et
204 330 363 390 quibus
381 329 612 374 instantem
640 328 774 387 fignis
798 325 1030 385 praesagiat>
1045 322 1245 368 imbrem.
1272 332 1276 338 ¹

194 413 344 458 Nescit
353 412 403 455 in
414 410 619 455 humanis
633 409 844 467 quorsum
858 420 975 451 nunc
985 405 1150 464 frigore
1161 401 1369 448 membris

130 495 263 537 Nunc
288 491 520 537 alternanti
543 490 676 534 febris
702 489 909 533 desaeviat
934 487 1064 532 aestu:
1333 484 1336 489 “

134 577 221 620 Sed
244 575 401 632 quibus
424 571 638 623 auxiliis,
671 571 715 613 δι
741 570 827 627 qua
855 569 1078 612 curabifffr
1106 579 1198 611 arte
1269 591 1272 594 ·
1339 576 1342 578 ’

134 658 242 699 Non
258 657 394 703 laten
418 654 461 696 &
480 664 748 710 quamquam
765 649 970 693 Medicus
988 647 1100 692 nihil
1120 647 1306 704 amplius
1327 644 1450 689 addat
1468 645 1486 697 ‚'

47 760 51 762 -
135 735 238 780 Post
254 733 387 778 sectas
403 733 523 777 ferro
541 745 679 775 venas
700 763 716 784 ‚
746 729 978 786 fusumque
999 742 1203 772 cruorem
1224 760 1236 780 ,

134 816 315 873 Imaque
332 816 578 858 malvarum
595 811 750 856 miffos
769 812 817 854 in
835 810 1004 855 viscera
1025 810 1180 852 succos
1198 842 1211 861 ,

135 898 191 940 Et
209 909 363 941 contra
381 895 534 939 varios
554 896 707 940 eadem
726 895 825 937 data
842 894 1076 951 pharmaca
1094 891 1274 934 morbos
1297 906 1313 940 ς

136 981 217 1024 me
242 977 479 1021 salutiferis
503 977 645 1020 febres
671 977 716 1019 δι
741 977 926 1019 vulnera
950 975 1071 1017 sanat

140 1059 359 1119 stirpibus
384 1071 460 1101 aut
482 1058 607 1102 foliis
623 1091 637 1111 ,
665 1071 808 1115 neque
836 1057 963 1101 sensu
987 1066 1167 1114 torquet
1190 1054 1352 1099 amaro

122 1140 283 1185 ,Labra
304 1171 319 1193 ,
348 1153 431 1183 nec
455 1138 602 1195 epotis
629 1138 792 1195 premit
818 1137 1019 1181 intestina
1043 1137 1246 1182 venenis.

206 1221 252 1265 O
276 1225 286 1265 !
308 1220 390 1264 tibi
409 1219 541 1276 quam
556 1221 688 1262 vultu
705 1219 796 1262 rifit
813 1220 990 1265 fortuna
1007 1221 1162 1264 sereno
1182 1253 1196 1273 ,

142 1301 352 1350 Rustice3
372 1301 405 1343 fi
421 1299 529 1344 vitae
547 1313 698 1343 comes
717 1299 877 1357 obtigit
895 1303 1026 1357 atque
1043 1301 1240 1344 laborum
1263 1334 1276 1354 ‚
1350 1302 1353 1305 ’

145 1383 256 1437 Quae
279 1381 468 1425 studiosa
491 1382 590 1426 suas
615 1394 793 1440 peragat
814 1396 993 1439 quoque
1015 1382 1181 1426 Villica
1202 1383 1378 1438 partes,

143 1465 251 1507 Non
268 1463 428 1506 somno
447 1462 574 1521 pigra
589 1495 602 1515 ‚
623 1476 717 1506 non
734 1462 876 1519 epulis
898 1495 911 1515 ,
935 1477 1030 1505 non
1048 1461 1192 1506 dedita
1207 1463 1319 1505 vino
1337 1495 1351 1515 ,

145 1545 459 1601 Maturamque
479 1558 635 1601 gerens
661 1542 850 1598 juvenili
870 1543 918 1586 in
937 1557 1124 1600 corpore
1143 1555 1353 1586 mentem.

206 1627 262 1670 In
278 1630 514 1669 commune
529 1625 697 1668 bonum
712 1638 811 1668 cum
828 1624 1016 1683 conjuge
1031 1625 1216 1681 sponsus
1233 1624 1387 1668 amicis

150 1706 417 1762 eonspirant
441 1705 599 1748 animis
625 1721 638 1749 ε
665 1705 779 1749 soles
806 1706 850 1748 &
872 1706 1035 1763 frigora
1058 1706 1166 1750 forti

149 1786 439 1843 Perpetienda
464 1786 568 1831 viro
584 1819 599 1839 ‚
628 1801 761 1844 quem
778 1801 923 1830 rerum
944 1788 1112 1831 summa
1135 1788 1322 1846 potestas
1340 1822 1354 1842 ,

152 1868 299 1922 Quem
324 1881 460 1924 penes
485 1866 547 1910 est
573 1868 742 1910 cultura
769 1867 854 1910 soli
876 1882 889 1915 ·,
922 1868 1087 1912 sociata
1116 1883 1297 1926 penates

151 1948 341 1994 Sustinet
360 1981 374 2002 ,
407 1948 451 1991 &
478 1947 594 1991 curis
622 1946 751 1991 instat
774 1947 1018 1992 levioribus
1046 1964 1179 1994 uxor.

151 2029 343 2085 Imperat
369 2030 478 2072 alter
507 2028 659 2087 agris3
687 2028 802 2086 regit
828 2028 1040 2072 interiora
1065 2032 1301 2075 domorum

153 2110 302 2152 Altera
329 2125 341 2153 ε
368 2108 441 2152 vir
466 2108 603 2165 opera
629 2110 782 2154 servos
808 2123 984 2154 exercet
1009 2111 1196 2168 agresti;

115 2235 119 2239 ,
155 2191 324 2247 Sponsa
350 2189 557 2248 fatigatos
582 2190 754 2248 pascit;
785 2191 874 2234 sata
902 2193 1002 2234 laeta
1027 2191 1211 2236 maritus

156 2271 320 2314 Educat
340 2303 354 2324 ,
385 2272 429 2315 δι
453 2273 597 2316 multo
624 2274 830 2316 Cererem
855 2273 1012 2316 sudore
1038 2274 1239 2317 recondit
1260 2290 1274 2324 ;

157 2352 459 2409 Advestasque
483 2354 664 2396 domum
692 2352 926 2396 conservat
949 2353 1132 2397 foemina
1156 2354 1319 2411 fruges.

161 2431 214 2476 Et
239 2431 342 2489 quia
368 2430 454 2477 fida
479 2443 603 2495 metu
629 2432 822 2479 custodia
846 2433 1001 2479 crescit
1024 2435 1076 2479 ab
1103 2434 1199 2493 ipso
1220 2450 1235 2485 ·,
1266 2473 1271 2478 ,
1339 2439 1343 2467 ἱ
