1500 2834
590 225 895 282 LIBER
982 224 1052 280 V.
1316 236 1419 301 135

185 323 240 365 Et
269 318 426 380 quibus
450 336 501 369 ut
524 325 656 382 piffis
683 327 844 384 gaudet
872 323 1071 369 conviva
1095 320 1286 366 tabellis.

244 404 433 462 Eligitur
458 405 608 463 pomis
631 420 734 464 ager
760 417 1043 464 opportunus
1070 402 1238 448 alendis
1256 435 1271 457 ‚

184 485 271 528 Cui
297 487 462 530 Natura
486 486 626 545 magis
642 519 655 540 ,
678 486 804 530 rivus
829 486 964 544 quam
987 483 1162 530 ductilis
1188 497 1364 541 aequum

183 567 352 610 Sufficit
374 568 605 610 humorem
628 582 641 610 ε
665 568 765 611 loca
787 581 870 611 nec
893 578 1106 611 montana
1129 565 1328 609 recusant
1344 596 1359 617 ‚

180 647 276 690 Nec
291 649 471 704 graciles
483 679 496 700 ‚
511 644 648 690 modo
662 647 847 704 lympha
860 646 977 691 fitim
992 646 1240 703 compescat
1251 678 1264 698 ‚
1281 658 1450 690 arenas.

181 728 392 770 Attamen
414 739 466 770 ut
486 727 614 783 pomi
636 727 776 771 fetum
801 727 896 773 sola
920 723 1110 785 pinguia
1123 727 1266 784 vulgo

181 808 461 865 Degenerem
480 809 658 866 pariunt
673 841 687 863 ‚
703 810 999 867 hebetantque
1016 808 1186 865 saporis
1202 822 1386 852 acumen
1400 822 1415 857 ⁰,

177 889 252 932 Sic
276 889 352 933 ubi
377 890 487 934 ficca
508 890 645 935 nimis
669 892 799 935 tellus
825 891 936 945 erit,
965 891 1120 934 arbore
1144 889 1295 946 paffim

176 963 415 1015 Immatura
439 973 623 1026 cadent3
651 973 702 1016 ὅτ,
716 972 943 1016 vermibus
969 971 1107 1015 obfita
1129 972 1262 1015 mala.

176 1052 370 1095 Herbida
391 1053 671 1098 conveniunt
688 1053 838 1111 pomis
857 1067 1035 1112 quoque
1049 1064 1173 1110 prata
1189 1052 1409 1097 serendis:

179 1134 345 1177 Pomus
370 1134 491 1178 enim
507 1167 520 1189 ‚
547 1135 582 1178 fi
604 1147 704 1178 nata
731 1134 820 1179 suis
845 1135 980 1179 semel
1003 1133 1178 1178 haeserit
1203 1133 1322 1177 arvis
1341 1167 1355 1187 ,

178 1213 398 1272 Agricolae
423 1229 517 1259 non
543 1228 665 1260 curat
689 1229 824 1273 opem
850 1232 864 1266 ;
890 1216 980 1259 fine
1005 1215 1206 1261 vomeris
1230 1216 1312 1259 usu

177 1295 394 1340 Parturiet
417 1296 581 1341 fruklus
597 1330 610 1350 ‚
641 1311 755 1354 quos
780 1296 965 1340 mollior
986 1297 1120 1341 herba
1146 1298 1332 1342 caducos

174 1378 352 1435 Excipit
378 1378 573 1422 innocua
589 1411 603 1431 ,
632 1390 772 1422 vento
803 1379 1028 1436 quatiente
1045 1410 1058 1431 ‚
1083 1379 1227 1424 ruina.

232 1460 363 1503 Ficus
389 1471 508 1503 amat
536 1460 652 1503 soles
672 1493 686 1511 .
712 1473 795 1503 nec
821 1459 986 1517 apertis
1011 1455 1202 1504 creditur
1227 1460 1343 1519 agris
1360 1493 1374 1515 ,

173 1540 394 1599 frigidior
410 1541 504 1599 qua
530 1541 658 1586 saevit
679 1541 822 1586 hiems
848 1540 1031 1600 regione
1054 1557 1068 1593 ;
1095 1542 1168 1586 sed
1193 1543 1317 1586 urnis

174 1623 424 1667 Grandibus
442 1615 690 1679 impofitam
702 1657 714 1677 ,
743 1623 898 1667 bruma
916 1625 1123 1668 redeunte
1135 1657 1148 1678 ,
1169 1625 1407 1682 quotannis

174 1704 383 1746 Securam
408 1703 485 1746 sub
510 1703 623 1746 testa
645 1704 792 1747 ferunt
808 1737 821 1757 ‚
849 1706 1056 1762 coeloque
1081 1707 1298 1750 redonant
1316 1740 1329 1761 ‚

173 1784 332 1828 Mollis
350 1784 425 1828 ubi
442 1785 629 1829 Boream
644 1785 858 1842 Zephirus
875 1788 1029 1843 procul
1049 1787 1141 1845 egit
1159 1789 1214 1832 ad
1228 1782 1403 1834 Arstos.

174 1866 271 1908 Nos
299 1877 445 1909 autem
468 1864 605 1909 ficum
629 1866 786 1911 mediis
812 1869 886 1911 vel
915 1868 1125 1925 ponimus
1150 1869 1292 1914 hortis
1312 1905 1325 1925 ,

172 1946 263 1988 Aut
286 1945 473 1990 humiles
497 1946 614 1991 inter
635 1947 755 1992 vites
773 1980 786 2001 ‚
810 1950 1018 2005 nudoque
1043 1948 1243 2003 iubemus

171 2027 260 2069 Sub
285 2027 400 2071 Jove
429 2028 534 2070 dura
561 2027 654 2084 pati
676 2029 886 2073 brumalis
911 2030 1075 2088 frigora
1102 2033 1262 2076 Cauri:

140 2157 142 2159 ¹
169 2108 450 2164 Quamquam
473 2107 666 2152 confisos
688 2109 878 2153 nimium
903 2110 1124 2167 deceperit
1148 2125 1279 2157 atrox

167 2191 321 2246 Nuper
343 2188 486 2248 hiems
510 2203 525 2239 ·‚
556 2190 601 2233 &
623 2189 733 2234 ficus
760 2205 867 2250 agro
891 2192 1099 2236 defecerit
1123 2195 1270 2239 omnis
1289 2228 1303 2249 ‚

166 2269 397 2313 Insolitam
419 2270 565 2314 secum
587 2269 771 2330 stragem
796 2272 985 2318 mirante
1010 2277 1194 2322 colono.

228 2352 505 2397 Incolumem
534 2353 705 2411 gremio
730 2353 910 2413 stirpem
933 2371 1032 2415 quae
1059 2370 1174 2403 terra
1200 2361 1370 2419 tepenti

164 2434 357 2477 Foverat
376 2465 390 2487 ‚
417 2433 464 2478 in
488 2446 636 2493 partus
661 2435 723 2480 ita
747 2435 970 2483 festinavit
986 2471 999 2494 ‚
1023 2451 1074 2484 ut
1098 2440 1218 2485 arvis

1062 2523 1084 2565 Ι
1117 2521 1163 2566 iv
