1482 2834
140 213 257 294 380
339 217 706 273 PRAEDII
749 216 927 272 Rus
958 227 1049 271 TI
1077 227 1169 271 ct

134 317 275 361 Rarus
303 318 391 361 adit
405 351 418 371 ‚
446 317 652 375 filvisquc
675 320 782 361 latet
798 350 812 372 ‚
837 315 1076 371 viridantia
1098 313 1254 360 furtim

135 396 296 442 Pascua
325 397 409 442 vix
434 398 560 442 ausus
586 398 732 443 clauso
763 399 995 455 decerpere
1023 396 1175 445 cet-‚103

132 477 260 521 Dum
285 477 471 523 redimat
492 493 574 537 per
596 481 731 538 longa
754 478 870 523 citos
897 476 1065 533 jejunia
1090 475 1261 520 cut-susi

197 558 246 602 Si
262 574 347 618 qua
362 559 471 605 fides
484 593 497 615 ‚
518 575 675 606 cervus
695 561 843 619 primo
862 568 998 623 quum
1014 573 1120 603 vere
1137 553 1376 615 quotannis

132 637 297 684 Nobile
323 641 520 685 frondofi
545 641 702 700 capitis
727 643 858 686 decus
887 640 1014 685 exuit
1033 674 1051 694 ⁷
1075 639 1179 683 im'is

134 720 195 764 Se
221 734 455 765 nemorum
478 722 658 767 letebris
683 721 845 780 recipit
862 748 876 775 ς
901 720 1150 778 metuitque
1169 717 1343 765 videtin:

135 800 212 845 Sic
235 787 383 846 cultus*
399 802 586 847 studiosa
611 802 735 848 domi
764 803 810 846 se
837 801 1038 846 continet
1064 802 1186 845 ultro

135 883 340 927 Foemina
362 900 377 934 3
402 884 740 941 turritaexlinum
765 883 847 928 nifi
870 882 1030 928 textile
1053 880 1193 928 fronti

135 965 285 1010 Altius
310 965 506 1024 insurgat
522 998 535 1020 ‚
559 965 705 1010 veteri
734 964 866 1022 quam
893 977 1061 1007 cornua
1085 975 1240 1007 cervo·

198 1047 401 1091 Arboreo
420 1060 558 1104 quum
581 1045 684 1089 dein
702 1044 840 1102 capiti
859 1043 1129 1088 succrescere
1147 1041 1382 1099 pulchrum

137 1127 297 1185 Coepit
321 1141 437 1172 onus
455 1159 469 1180 ‚
489 1116 619 1170 silvas
645 1124 808 1170 iterum
833 1124 1101 1182 camppsque
1123 1135 1324 1180 patentes
1469 1104 1474 1117 ἱ

139 1207 417 1252 Ambitiosus
445 1207 535 1251 adit
565 1221 578 1251 :
602 1206 741 1250 vitrei
770 1220 949 1264 quoque
975 1206 1115 1251 fontis
1141 1206 1194 1248 ad
1220 1218 1326 1249 oras>

139 1288 298 1332 Cernit
322 1286 598 1345 inexpletum
625 1286 806 1344 liquidis
832 1287 1004 1330 ramosa
1028 1286 1106 1330 sub
1134 1285 1263 1330 undis

141 1371 324 1413 Cornua
343 1384 358 1419 ·,
377 1381 461 1412 nec
486 1367 659 1411 tantum
684 1379 914 1424 correptus
939 1366 1132 1425 imagine
1157 1367 1313 1411 formae
1343 1404 1345 1407 .

143 1451 324 1495 Gaudet
346 1449 477 1493 hians
503 1463 519 1499 ·,
545 1446 742 1492 habitum
773 1448 847 1492 sed
872 1448 1111 1492 venatoris·
1133 1448 1176 1491 δι
1203 1453 1387 1502 arcumj

137 1532 198 1576 Et
222 1531 381 1590 quibus
407 1530 469 1575 est
494 1529 715 1588 periturus
742 1543 857 1573 amat
884 1528 1075 1586 spectare
1102 1529 1280 1586 sagittas
1297 1561 1311 1582 ,

143 1614 210 1658 Ac
234 1613 403 1657 levium
429 1626 590 1656 vecors
619 1611 762 1670 stupet
787 1613 841 1655 ad
866 1611 1076 1655 miracula
1102 1622 1279 1654 rerum:

145 1694 267 1738 Hinc
291 1692 473 1737 stolidos
499 1693 686 1749 speculis
710 1693 764 1736 ad
787 1692 899 1737 retia
923 1693 1098 1736 trudere
1122 1705 1286 1735 cervos·

147 1775 256 1819 Non
281 1775 406 1818 labor
433 1772 523 1822 est,
555 1775 794 1832 captosque
823 1774 958 1818 novis
985 1773 1207 1817 includere
1233 1771 1394 1830 septisa

210 1855 394 1900 Finibus
419 1866 463 1897 at
488 1853 702 1912 quoniam
728 1855 883 1912 patriis
906 1853 1069 1909 ejectus
1085 1887 1099 1909 ‚
1126 1854 1269 1903 avitas

149 1940 324 1982 Cervus
350 1935 543 1980 inoblito
570 1948 752 1980 revocat
781 1936 858 1979 sub
885 1934 1064 1992 peffore
1088 1935 1218 1980 filvas
1236 1967 1252 1990 ,

150 2019 475 2075 AEternutnque
501 2019 622 2060 dolet
650 2016 801 2074 spatiis
831 2018 1034 2060 detentus
1057 2015 1224 2074 iniquis
1240 2030 1258 2066 ⁰,

110 2127 113 2129 Δ
154 2100 364 2144 Materno
390 2111 567 2142 teneros
593 2097 787 2141 furemur
816 2097 868 2140 ab
898 2098 1028 2140 ubere
1057 2097 1201 2141 fetus:

153 2180 382 2225 Hinnulus
409 2191 459 2222 ut
480 2179 664 2223 claustro
690 2178 845 2236 primis
871 2177 1077 2222 assuescat
1097 2180 1148 2222 ab
1172 2176 1332 2230 annin

153 2262 306 2307 Taedia
333 2274 416 2305 nec
448 2260 625 2304 subeant
653 2260 996 2318 desideriumque
1022 2262 1226 2304 locorum

158 2343 272 2398 Quae
297 2341 460 2386 fuerint
485 2342 569 2404 vix
593 2354 700 2385 nota
723 2341 800 2385 fibi
827 2357 841 2391 3
869 2342 942 2385 sed
964 2340 1125 2384 finibus
1149 2340 1303 2383 iisdem

112 2450 117 2456 ·
161 2423 258 2469 Effe
281 2434 409 2482 putet
433 2425 624 2478 clausum
641 2457 654 2479 ,
681 2424 756 2469 sua
785 2422 921 2482 queis.
936 2422 1110 2477 vivaria
1126 2453 1140 2477 ,
1158 2420 1394 2467 Mundumo‘
