1482 2834
100 202 218 264 292
316 187 675 243 PRAEDII
734 184 1127 240 Rvsrrcr

98 286 330 330 Abluerint
360 301 374 336 ·,
403 286 446 329 ὅ(
471 285 550 330 ubi
576 285 724 343 pigras
752 285 897 329 adiere
921 283 1131 340 paludes,

98 366 298 411 Vitalem
323 368 502 410 reduces
531 365 719 409 inimico
746 379 850 409 rore
877 365 1071 408 calorem

99 447 346 506 Extinguat
373 462 388 497 ·‚
415 446 557 504 ruptis
583 446 682 490 exit
706 459 788 490 nec
816 445 965 503 pullus
991 444 1044 487 ab
1068 439 1172 489 ovis
1190 473 1206 495 ‚

102 526 178 569 Ast
203 529 316 570 odor
342 527 515 571 infestas
543 529 630 571 late
658 525 738 585 qui
762 526 925 584 polluit
949 525 1080 568 aedes.

108 639 135 673 Ὀ-
163 609 347 652 Incubat
364 641 377 662 ,
407 609 451 652 &
475 607 627 651 nutrix
654 618 801 651 anates
828 606 989 664 gallina
1012 604 1203 648 tenellos

103 688 247 733 Pascit
270 689 384 746 agris
402 721 414 742 ,
443 689 584 732 donec
609 699 765 732 turmae
788 686 959 744 piscina
980 684 1165 743 vaganti

108 767 261 811 Obvia
285 768 466 812 nativos
495 767 740 813 fluviorum
770 767 935 810 invitet
959 779 1165 816 amores;

105 847 315 891 Protinus
344 849 388 891 &
416 847 555 906 greffu
583 862 781 905 praeceps
811 846 1058 904 humilique
1082 847 1241 890 volatu

106 929 328 973 Defiliens
345 961 358 982 ‚
383 928 565 985 strepitu
588 929 694 971 laeto
720 928 794 970 sua
818 941 954 985 regna
980 927 1133 970 salutat
1148 958 1163 979 ,

101 1009 436 1067 Ingrediturque
459 1009 649 1052 vadum:
680 1006 807 1067 paffis
832 1007 1044 1051 exterrita
1068 1006 1226 1063 pennis

112 1090 285 1133 Clamat
315 1091 360 1133 δι
383 1090 571 1132 alternas
596 1087 762 1131 volitat
790 1087 953 1145 gallina
965 1101 1058 1144 Ῥει-
1082 1100 1181 1131 oras
1198 1119 1212 1140 ‚

105 1172 302 1214 Audaces
331 1167 525 1226 deprefi‘a
549 1182 719 1212 vocans
743 1171 798 1212 ad
823 1169 977 1212 littora
999 1170 1167 1225 pullos.

165 1251 243 1296 Nil
270 1251 416 1294 minus
443 1249 662 1306 aequoreis
686 1261 876 1306 pergunt
898 1251 1120 1294 colludere
1146 1236 1348 1308 lymphis

105 1334 161 1376 Et
186 1332 354 1390 mergi,
388 1332 432 1374 &
458 1330 618 1374 fluidos
643 1331 840 1375 humeris
865 1331 1093 1375 infundere
1118 1346 1241 1375 rores
1258 1364 1271 1384 ‚

106 1412 407 1470 Remigioque
433 1414 620 1469 pedum,
647 1411 875 1468 rostroque
901 1411 1064 1469 agitare
1087 1410 1272 1469 Procaci

100 1494 292 1538 -Flumen
310 1526 323 1546 ‚
343 1493 388 1535 ὅτ.
415 1492 590 1550 exiguis
614 1503 744 1548 caput
769 1490 987 1553 objeQare
1011 1494 1240 1550 procellis,

107 1574 352 1617 Diversum
380 1574 612 1631 stupefacta
640 1588 776 1631 genus
804 1585 899 1617 tum
925 1573 1114 1631 denique
1138 1573 1315 1623 noscit3'

107 1655 163 1698 Et
188 1654 369 1697 tacitum
394 1655 471 1698 sub
499 1656 630 1699 corde
654 1668 859 1710 premens
885 1653 1048 1712 gallina
1073 1653 1274 1697 dolorem
1289 1684 1306 1707 ‚

107 1735 177 1778 Ad
202 1736 405 1791 proprias
431 1737 550 1777 ultro
576 1734 689 1777 redit
717 1733 976 1778 incomitata
999 1725 1223 1778 volueres·

169 1817 251 1859 Illa
274 1813 382 1858 licet
408 1815 578 1857 socium
601 1814 689 1868 jam
715 1828 808 1857 non
833 1827 931 1873 agat
953 1815 1142 1871 amplius
1162 1822 1347 1872 agmenj

110 1897 230 1940 Arva
254 1906 402 1938 tamen
426 1893 514 1948 jam
541 1893 713 1951 grandis
742 1908 844 1936 anas
872 1894 1057 1938 herbosa
1082 1894 1297 1952 gregatim

109 1976 305 2020 Pascitur
325 2008 337 2028 ‚
366 1976 409 2018 &
434 1976 554 2018 coelo
582 1974 771 2017 milvum
797 1975 829 2017 fi
858 1975 973 2018 forte
996 1976 1227 2019 volantem

111 2056 331 2112 Suspiciat
348 2088 360 2107 ‚
385 2055 506 2097 casus
533 2053 690 2096 habilis
717 2055 942 2110 praevertit
966 2057 1174 2099 acerbos:

115 2134 401 2180 Garrulitatis
429 2133 550 2176 enim
577 2133 654 2176 fibi
679 2134 879 2178 conscius
898 2168 911 2189 ‚
936 2150 1015 2180 ore
1039 2136 1242 2193 lapillum

113 2206 344 2258 Mordicus
373 2214 646 2270 apprendens
677 2215 836 2257 celerat
853 2248 864 2267 ‚
890 2215 1133 2274 tacitusque
1165 2218 1347 2262 salutem

113 2296 258 2337 Amne
283 2293 397 2349 petit
415 2326 427 2346 ‚
456 2307 547 2349 quo
572 2294 675 2336 dum
695 2292 829 2337 fluCtu
853 2292 1081 2351 suspensus
1101 2299 1274 2342 oberrat
1293 2331 1307 2352 ‚

111 2373 197 2419 Per
221 2373 398 2416 resonas
425 2375 530 2415 laeto
557 2375 748 2417 clamore
777 2376 1014 2419 tumultuat
1042 2378 1207 2427 undas;

90 2452 176 2498 -Ασ,
201 2451 343 2498 milvo
368 2451 576 2499 veniente
593 2481 609 2502 2
634 2459 764 2511 caput
792 2455 986 2500 demittit
1009 2456 1057 2501 in
1083 2470 1281 2511 amnem,
