1500 2886
513 210 850 267 ·LIBER
896 209 1008 268 H.-
1317 226 1384 292 53

154 313 275 358 Pasta
293 329 306 358 ε
327 327 475 357 novus
492 311 622 363 limes
642 345 656 366 ‚
682 327 803 357 nova
819 327 914 357 non
931 311 984 356 fit
1002 309 1157 357 semita
1173 312 1359 369 campis.
1423 327 1427 331 ’

155 397 263 438 Non
281 397 438 439 hortus
455 427 471 450 ‚
504 409 601 440 non
615 406 740 452 prata
758 395 829 438 fiti
846 394 1092 442 morientia,
1101 396 1310 453 languent
1327 409 1349 441 t.

157 477 307 534 Surgit
334 478 486 534 opima
512 477 665 534 seges;
699 476 1158 534 defensaque'sepibus
1181 489 1287 520 arva

156 557 203 600 V
206 560 247 600 el
274 558 412 602 ductis
438 556 602 602 circum
625 555 744 600 foffis
771 557 1063 606 clauduntur}
1088 558 1332 621 heramque

156 638 352 681 villicus
376 651 581 695 agrorum
611 649 761 694 partes
785 638 961 681 deducit
985 637 1034 682 in
1060 650 1217 681 omnes
1237 653 1253 687 ·,
1324 662 1331 665 »

156 721 418 775 Exultatque
448 709 608 762 aniniis
637 717 719 761 illo
747 719 950 762 laudante
968 750 981 771 ,
1011 718 1225 774 suumque

157 801 344 844 Nemine
374 799 555 843 vicinos
571 799 699 847 ‚inter
721 801 925 856 culpante
949 800 1147 843 laborem
1167 830 1180 851 ‚

156 882 240 925 Vel
272 893 436 937 pravos
466 893 613 924 mores
634 911 646 933 ,
677 881 940 937 occultaque
965 880 1077 923 furta
1103 880 1299 929 suorum.

215 962 269 1004 Et
295 975 562 1019 quamquam
588 960 716 1005 bellis
734 961 961 1005 Dominus
987 963 1060 1005 vel
1080 961 1159 1005 lite
1180 960 1363 1006 molesti

153 1042 400 1098 Implicitus
420 1045 579 1099 procul
598 1042 784 1087 abfuerit
803 1058 817 1093 ·,
847 1057 942 1086 non
960 1057 1066 1087 arva
1084 1045 1271 1087 colonus

155 1125 343 1183 Segnior
364 1137 541 1169 exercet
561 1140 575 1175 ;
609 1139 690 1169 nec
707 1124 804 1169 heri
823 1125 1054 1182 praesentia
1071 1139 1197 1169 curas

156 1206 317 1249 Acrius
338 1205 585 1250 exstimulat
605 1206 734 1264 quam
754 1222 879 1252 mens
899 1206 976 1250 fibi
999 1207 1175 1250 conscia
1195 1206 1319 1251 recti.

159 1289 259 1331 Hoc
280 1288 456 1332 absente
474 1288 539 1332 rei
557 1287 708 1345 patriae
728 1302 821 1332 non
838 1302 1014 1346 parcere
1033 1290 1228 1342 Natum,

157 1371 241 1414 Sed
261 1369 558 1427 populatrices
579 1357 794 1414 comitum
813 1385 886 1413 rus
905 1371 1061 1414 ducere
1082 1382 1249 1415 turmas
1303 1383 1307 1386 ·

156 1452 285 1497 Clam
306 1453 453 1501 dolet3
473 1466 695 1496 annonam
711 1466 793 1496 nec
811 1452 979 1496 cautius
995 1453 1168 1496 abderet
1185 1466 1365 1496 omnem
1377 1485 1390 1506 ,

155 1531 204 1575 si
235 1533 487 1576 desolandas
515 1532 779 1590 irrumperet
806 1533 942 1576 hostis
974 1533 1022 1576 in
1054 1536 1182 1577 aedes.

183 1636 186 1639 ⁴
214 1613 291 1658 Sic
312 1616 471 1657 Ithacae
493 1616 714 1672 quondam
741 1615 838 1672 post
857 1615 978 1660 mille
997 1615 1193 1672 pericula
1205 1629 1393 1672 'portum

157 1679 311 1749 Quum
331 1694 478 1752 tetigit
495 1695 620 1738 senio
640 1695 796 1740 faciem
816 1695 1028 1740 mentitus
1050 1696 1224 1754 Ulyffes
1241 1713 1256 1748 3

157 1775 432 1832 Intravitque
451 1776 571 1819 suam
589 1778 846 1835 peregrinus
867 1779 910 1822 ὃ(
928 1778 1087 1835 hospes
1107 1778 1155 1821 in
1174 1780 1319 1822 aulam
1340 1811 1353 1833 ,

159 1856 326 1901 Omnia
344 1859 648 1914 contemplans
666 1859 817 1917 furtim
837 1893 849 1911 ‚
876 1874 957 1904 nec
976 1861 1182 1918 cognitus
1202 1861 1282 1904 ulli
1299 1877 1315 1912 ·,
1371 1882 1373 1884 ·

144 1938 286 1992 ,Unus
307 1950 399 1980 erat
418 1937 494 1994 qui
514 1971 527 1991 ‚
560 1953 629 1982 res
648 1954 809 1999 magno
829 1942 1032 1986 turbante
1053 1945 1246 1990 tumultu
1263 1973 1278 1995 ‚

156 2019 358 2065 Eumaeus
380 2019 627 2065 Dominum
647 2020 756 2064 tristi
775 2021 976 2065 sermone
997 2022 1222 2079 requirens
1242 2055 1256 2075 ‚

142 2100 383 2158 vSulcandis
410 2100 590 2145 instabat
614 2102 760 2160 agris;
790 2103 1071 2161 graviterque
1099 2104 1273 2149 dolebat
1338 2117 1341 2119 ·
1375 2119 1379 2121 ·

158 2179 295 2235 Quod
312 2181 493 2224 fecunda
513 2182 680 2227 Procos
700 2186 866 2227 alerent
886 2196 1080 2227 armenta
1100 2198 1276 2241 rapaces
1297 2217 1312 2240 ‚
1371 2198 1378 2236 '.

155 2262 303 2317 Atque
330 2261 410 2304 suo
435 2263 564 2306 tellus
591 2277 684 2307 non
706 2263 863 2307 fertilis
890 2263 994 2307 effer
1020 2263 1178 2322 Ulyffi.

219 2341 429 2386 Provisor
448 2357 542 2388 non
560 2347 694 2388 multa
720 2357 846 2404 rogat
869 2378 880 2398 ‚
908 2360 963 2388 ne
987 2348 1123 2390 multa
1141 2346 1330 2391 viciffim
1370 2371 1373 2376 ·

159 2421 363 2468 Finitimi
394 2436 594 2481 repetant
621 2441 632 2470 ε
659 2426 801 2477 aliena
829 2426 1008 2485 negotia
1034 2427 1183 2478 vitat·,

1026 2508 1070 2559 D
1105 2506 1153 2564 iij
