1500 2886
582 243 874 303 LIBER
940 244 989 303 L
1334 230 1476 320 39¹

234 349 406 393 Caetera
431 346 538 407 quid
560 362 806 392 memorem
832 362 930 406 que
954 347 1000 391 se
1024 344 1232 390 miracula
1259 343 1413 403 paffim

170 430 404 486 objiciunt
428 445 443 480 ς
468 429 649 487 pedibus
674 429 750 472 seu
772 442 873 472 rura
897 429 1022 472 beata
1046 428 1279 486 sequamur

172 513 263 555 Aut
289 511 429 555 oculis
457 526 470 554 ε
495 524 609 567 quos
633 509 726 566 ipsa
752 510 843 552 loci
868 521 1021 553 natura
1047 519 1263 566 vagantes

174 594 244 635 Ne
272 591 393 635 laffet
416 588 564 648 spatiis
582 622 596 643 ‚
628 590 767 633 colles
796 571 1218 646 utrinque‘Yupinos

178 672 351 725 objicit
373 683 449 714 aut
473 671 644 713 Baccho
669 669 834 714 virides
852 702 864 722 ‚
895 670 971 712 vel
999 667 1210 724 meffibus‘
1232 667 1386 718 albon

174 754 231 797 Et
255 751 441 802 mediis,
467 762 658 808 quantos
683 748 861 807 poffunt
885 748 1062 792 lustrare
1088 761 1294 792 tuentum
1350 762 1359 774 ·>

174 820 360 876 Lumina
378 863 391 884 ,
418 831 540 889 cogit
566 831 682 888 agris
710 830 798 875 toti
829 844 936 888 quas
966 829 1141 887 parcior
1168 827 1271 872 orbi

171 913 224 956 ln
251 914 447 969 populos
471 912 660 970 partitur
684 927 794 970 opes
823 911 1028 956 ditissima
1053 913 1201 955 tellus.

234 994 341 1035 Non
364 993 468 1036 alibi
492 993 665 1037 tumido
691 993 780 1036 fine
807 992 914 1037 fastu
942 1005 1062 1036 tanta
1087 994 1328 1036 domorum

175 1072 381 1127 Maiestas
404 1089 418 1124 ·,
438 1087 533 1117 non
559 1074 635 1118 ille
663 1074 785 1118 nitor
811 1089 912 1119 cum
941 1074 1136 1131 fimplice
1164 1075 1285 1117 cultu
1303 1105 1317 1126 ‚

174 1156 283 1199 Nou
303 1154 458 1212 quemi
474 1156 669 1200 nemoris
687 1172 766 1215 par
780 1158 931 1201 umbra
950 1173 963 1206 3
984 1156 1198 1214 paresque
1215 1152 1401 1199 receffus
1412 1185 1428 1210 ,

176 1237 272 1279 Nec
295 1236 448 1279 fimilis
473 1238 606 1281 decor
623 1269 638 1291 ,
663 1238 865 1290 ubertas,
891 1238 934 1280 &
961 1236 1098 1295 gratia
1123 1236 1260 1281 tonfis

178 1318 417 1362 Arboribus
434 1351 449 1373 ,
476 1332 619 1376 neque
642 1330 733 1364 tam
761 1320 874 1364 belle
900 1304 1096 1376 ficusque
1123 1317 1318 1376 pyr-ique

180 1397 414 1455 Applicitae
445 1399 582 1443 muris
607 1415 620 1444 ε
647 1399 729 1443 illo
757 1414 851 1443 non
877 1399 1031 1446 ordine
1065 1399 1200 1443 flores

179 1478 352 1537 Digesti
377 1495 391 1528 ;
419 1479 602 1537 reliquis
633 1493 727 1523 non
750 1479 810 1523 fic
835 1481 933 1524 olus
961 1479 1123 1524 emicat
1141 1478 1322 1523 hortis:

182 1561 248 1605 Te
277 1561 482 1618 quamvis
507 1561 682 1604 abseufe
708 1562 864 1618 procul
879 1594 892 1614 ,
919 1560 1005 1605 flos
1029 1561 1176 1604 omnis
1205 1562 1246 1603 &
1267 1561 1398 1604 arbor

182 1641 398 1686 Luxuriet
415 1675 429 1695 ‚
448 1641 674 1699 niteatque
695 1641 838 1686 minus
856 1658 869 1691 ·,
891 1635 993 1686 nam
1013 1644 1142 1699 quale
1162 1629 1368 1685 locorum

182 1723 250 1766 Te
280 1722 534 1766 defiderium
564 1735 710 1776 tenet,
736 1722 890 1767 iisdem
917 1722 1078 1780 praedia
1103 1723 1228 1767 votis
1306 1725 1313 1730 ’

184 1802 253 1848 Te
279 1817 496 1861 repetunt.
521 1804 619 1848 Sint
643 1806 738 1849 haec
758 1804 850 1850 illis
877 1804 1033 1850 solatia
1048 1837 1062 1858 ,
1085 1806 1248 1849 Natum

187 1885 334 1939 Quem
360 1898 435 1929 tua
457 1884 693 1929 seaantem
719 1884 902 1944 vestigia
930 1899 1110 1929 munere
1136 1886 1296 1944 gaudes

185 1965 304 2010 Pene
329 1981 476 2023 parem
492 1999 506 2020 ‚
535 1967 578 2010 δι
597 1967 767 2012 meritis
794 1982 886 2011 non
915 1967 1125 2011 inferiora
1148 1967 1403 2024 sequentem
1410 1973 1435 2020 ,’

189 2047 455 2091 Cursonium
484 2047 675 2104 speQare
697 2081 710 2099 .
735 2048 824 2092 viri
853 2049 1030 2092 mollire
1056 2050 1226 2091 labores
1248 2079 1263 2102 ,

187 2127 241 2170 Et
269 2128 457 2171 saturare
481 2127 583 2172 suos
610 2129 655 2171 in
677 2130 866 2187 imagine
893 2128 1028 2186 patris
1058 2142 1251 2173 amoreS.

251 2210 410 2266 Tuque
441 2209 639 2255 Parifiaci
666 2212 742 2269 qui
770 2213 884 2255 ruris
910 2225 1062 2255 amore
1096 2209 1289 2262 teneris,

190 2290 354 2335 Desine
374 2323 387 2343 ‚
412 2292 565 2335 blanda
592 2291 696 2336 licet
714 2325 728 2347 ‚
755 2295 853 2337 loca
880 2294 999 2336 velle
1028 2291 1217 2335 revisere
1240 2305 1253 2339 ·,
1276 2285 1388 2347 Regi

190 2372 286 2415 Nec
314 2373 482 2428 populo
508 2373 650 2416 furare
676 2375 825 2416 datum
853 2386 895 2417 te
922 2386 1079 2419 munus
1098 2404 1111 2424 ‚
1130 2371 1282 2414 amico

192 2453 366 2495 Divum
393 2453 576 2498 confilio
599 2470 609 2498 :
634 2468 757 2498 natas
790 2455 836 2497 in
863 2454 1038 2512 publica
1066 2465 1235 2496 mentes

198 2534 447 2578 Commoda
470 2534 671 2593 sepofitis
696 2535 834 2580 scelus
861 2534 922 2579 est
946 2534 1023 2578 fibi
1050 2533 1206 2576 vivere
1230 2529 1364 2575 curis.

1085 2615 1122 2657 C
1153 2611 1203 2655 iv
