1500 2886
139 199 258 251 ‘120
379 190 713 249 PRAEDII
756 189 1127 249 Rvsrzcz

138 293 281 336 Tarda
304 304 451 336 tamen
474 294 626 336 veniet
641 325 653 345 ‚
679 293 752 336 sed
779 295 982 338 duratura
1005 307 1083 350 per
1107 288 1272 339 mrum}
1290 329 1306 343 .-

137 374 251 415 Nam
278 372 419 416 veluti
442 373 596 417 crescit
619 373 799 426 senfim,
827 374 1078 430 multosque
1102 388 1181 430 per
1205 386 1346 418 annos

138 452 366 497 Perficitur
382 487 394 508 ‚
419 454 564 498 subito
589 467 670 498 nec
694 454 842 511 prodit
867 456 918 498 ab
946 454 1112 511 impete
1139 453 1301 498 mentis

137 532 331 578 Plurima
355 537 549 579 durando
574 535 726 580 vincat
749 536 827 594 qui
853 537 999 580 secula
1022 537 1136 580 fetus

136 614 310 671 Ingenii
336 630 350 665 ·,
375 615 433 658 fic
461 628 575 658 terra
598 617 755 660 breves
783 603 979 674 ficusque
1003 617 1228 675 pyrosque

139 693 424 750 Praecipitahs
443 727 455 747 ‚
481 694 559 739 ubi
575 698 649 739 vel
674 694 790 739 tilias
816 698 891 740 vel
918 697 966 740 in
983 699 1116 741 altera
1133 711 1317 754 quercus

138 775 318 832 Cogitat
340 787 414 819 aut
438 778 559 821 oleas
582 777 874 820 transmittere
899 778 1011 821 secla
1027 810 1040 831 ,
1065 792 1289 821 morarum

136 855 161 899 J
165 869 233 898 am
257 857 426 913 patiens
445 889 457 910 ‚
483 859 622 915 longo
647 857 744 914 post
769 871 970 915 tempore
994 858 1169 902 brachia
1193 857 1375 912 fundit,'

134 934 387 980 Praevalidis
414 937 643 995 postquam
668 949 849 983 truncus
875 937 1090 982 radicibus
1117 940 1254 982 haefit.

197 1017 351 1061 Laclea
375 1019 478 1061 dum
501 1018 664 1062 teneris
691 1018 901 1062 adolescit
925 1019 1154 1063 frondibus
1181 1022 1343 1075 arborj

133 1098 188 1140 Et
212 1098 366 1154 primis
391 1100 501 1142 oleae
528 1098 746 1156 incipiunt
773 1098 1016 1156 nigrescere
1039 1099 1214 1149 baccis·,

131 1177 303 1222 Durior
329 1179 384 1222 ah
411 1181 421 1223 !
450 1177 622 1237 fragiles
650 1193 706 1222 ne
730 1191 903 1234 rumpat
928 1179 1093 1235 pertica
1121 1195 1268 1225 ramos
1284 1196 1300 1225 z

134 1261 276 1316 Carpe
297 1273 429 1303 manu
455 1273 567 1316 quos
595 1258 620 1301 a
649 1270 762 1302 terra
787 1259 1046 1317 contingere
1074 1260 1238 1323 frustus

131 1340 314 1384 Arboris
342 1341 423 1384 hac
449 1352 574 1384 aetate
597 1352 727 1398 potes
757 1356 769 1384 ε
796 1355 931 1398 quum
956 1341 1111 1385 deinde
1137 1343 1327 1388 sonoros

131 1422 258 1464 Ferre
286 1420 585 1478 flagellantum
613 1422 778 1476 poterit
801 1418 890 1475 jam
916 1419 1078 1466 fortior
1106 1421 1250 1473 i&us;

129 1501 328 1544 Rusticus
353 1500 575 1544 adversam
603 1500 764 1544 feriens
790 1515 846 1544 ne
874 1503 1009 1544 caedat
1035 1501 1236 1554 olivam·,

129 1583 215 1626 Sed
240 1581 405 1639 quatiat
434 1580 640 1639 gravidos
670 1581 854 1639 obliquo
878 1583 1060 1626 verbere
1087 1583 1233 1636 ramos
1251 1599 1271 1633 ·,

128 1661 365 1719 Excipiens
390 1663 567 1705 baccam
591 1662 690 1705 telis
707 1694 720 1715 ‚
745 1676 876 1720 quam
900 1663 1084 1719 vespere
1111 1663 1210 1707 sero

128 1743 268 1789 Jastet
296 1743 343 1786 in
369 1743 597 1800 oppofitos
626 1743 814 1800 spatium
842 1758 920 1800 per
945 1743 1123 1801 longius
1149 1745 1319 1796 Euros;

86 1865 89 1870 ,
128 1825 342 1869 Triticeas
368 1824 540 1868 levibus
567 1825 733 1881 segetes
762 1837 812 1868 ut
839 1825 1028 1868 ventilat
1053 1825 1186 1870 auris.

187 1906 355 1950 Arbore
375 1903 462 1959 iam
480 1903 667 1948 nimium
690 1904 954 1962 reliquarum
973 1904 1135 1948 oblitus
1148 1939 1163 1959 ,
1181 1905 1229 1948 in
1247 1921 1338 1952 una

97 2013 99 2017 ·
125 1988 353 2032 Demoror
376 2000 392 2035 ·,
422 1985 466 2028 &
488 1984 638 2041 patriae
661 1984 800 2028 studio
825 1985 1044 2041 percuffus
1071 1986 1204 2030 olivae
1221 2019 1249 2043 ,ι

124 2068 232 2110 Non
254 2066 390 2110 video
420 2078 626 2123 quantam
650 2066 781 2109 versu
806 2068 1033 2110 decurrere
1059 2068 1212 2111 filvam

124 2149 180 2191 Et
205 2145 335 2204 quam
357 2145 576 2191 dissimiles
600 2148 782 2191 habeam
809 2149 884 2191 vel
910 2147 1076 2206 fingere
1101 2149 1219 2194 ferro
1235 2183 1249 2204 ‚

124 2228 373 2271 Fecundare
400 2240 526 2270 novo
550 2225 714 2271 steriles
739 2229 814 2270 vel
841 2228 1037 2285 germine
1067 2231 1258 2285 plantas.

124 2307 303 2350 Halanti
327 2321 425 2364 pars
451 2308 563 2352 flore
588 2308 748 2352 micat:
769 2323 868 2366 pars
887 2309 1008 2352 utilis
1027 2309 1186 2354 umbri

125 2386 338 2434 Luxuriat
359 2387 494 2433 ramis
519 2405 531 2434 ε
557 2403 656 2447 pars
679 2389 900 2434 nobiliore
925 2390 1181 2449 gravescens
