1500 2834
186 184 303 261 '138
408 185 764 240 Pan-1211
811 185 1186 241 Rvsrzct

182 283 362 336 Subiice
391 299 405 334 3
436 282 628 327 radicem
655 283 836 327 nascens
865 295 915 326 ut
939 282 1070 326 latius
1099 283 1229 326 arbor

185 365 372 422 Spargat
387 397 400 418 ‚
420 363 619 409 &insani
636 365 861 422 quondam
877 363 976 408 vim
995 364 1183 421 perferat
1202 362 1360 408 Austri.

246 445 422 503 Terque
439 457 677 503 quaterque
694 445 835 488 solum
852 444 999 502 primo
1013 458 1108 488 nux
1123 456 1264 488 mutet
1279 444 1327 488 in
1342 459 1442 489 aevo
1457 461 1472 491 ε
1498 467 1500 475 ¹

183 527 301 570 Nam
326 526 466 584 patri&
488 527 632 571 veluti
657 528 811 584 procul
841 541 866 570 a
890 527 1049 570 tellure
1073 525 1284 579 iuventus
1344 564 1349 567 .

183 608 355 651 Crescit
381 610 507 652 laude
533 607 654 652 nov&
679 621 693 653 ε
720 606 884 652 teneris
914 608 971 651 fic
997 608 1128 650 arbor
1155 606 1204 650 in
1232 605 1360 650 annis

183 688 356 733 Nativo
381 689 580 733 transsata
605 689 703 733 solo
733 701 862 747 caput
881 675 1020 732 'altius
1049 687 1206 742 effert,

182 769 241 813 Et
268 783 415 813 ramos
441 770 534 814 fetu
560 781 713 829 gravat
737 769 942 814 uberiore
967 781 1213 815 comantes·

245 851 409 896 Laxius
434 850 551 896 inter
575 852 619 895 se
643 851 799 895 distent
823 866 838 901 3
865 866 921 895 ne
947 851 1140 896 tristibus
1165 851 1333 897 umbris

183 933 338 976 ‘Vexet
353 965 367 986 ‚
394 934 438 976 δε
463 932 641 976 alterius
670 932 919 976 diverberet
946 933 1082 975 altera
1105 933 1318 982 frondes;

183 1015 496 1070 Depereatque
525 1024 650 1056 tener
674 1026 754 1068 per
778 1023 930 1055 mutua
954 1014 1138 1075 xsulnera
1164 1013 1357 1057 frustus:

183 1094 240 1136 Et
266 1093 368 1150 quia
396 1107 475 1151 per
500 1106 694 1137 vacuum
719 1091 845 1149 paffis
871 1091 1130 1148 ampliffima
1153 1094 1286 1136 ‘ramis

185 1174 402 1218 Funditur
419 1206 432 1227 ‚
465 1174 509 1216 ὃ(
534 1172 681 1216 ηοειιὲι
708 1173 875 1231 segetes
904 1172 1118 1216 interficit
1141 1173 1296 1218 umbrfi
1313 1188 1330 1222 ·,

187 1256 395 1312 Occupet
418 1266 646 1298 extremos
670 1268 875 1312 agrorum
903 1241 951 1296 in
979 1253 1174 1313 margine
1202 1253 1314 1297 fines
1330 1286 1345 1307 ,

185 1338 294 1380 Non
322 1333 559 1390 conjunCta
589 1333 677 1378 viae
705 1345 857 1378 tamen
874 1365 888 1387 ‚
915 1345 989 1377 aut
1012 1334 1208 1378 vicinior
1232 1334 1362 1384 urbi·‚

184 1415 446 1461 Praeteriens
470 1427 638 1459 matura
670 1426 791 1471 petat
820 1429 877 1459 ne
903 1429 1036 1472 poma
1059 1415 1208 1458 viator
1225 1448 1238 1468 ,
1280 1474 1284 1476 ‚

184 1499 242 1541 Et
267 1499 436 1541 laceros
466 1496 640 1540 mutilet
671 1496 879 1540 saxorum
907 1497 1117 1554 grandine
1149 1510 1314 1540 ramos.

249 1581 360 1635 Quae
390 1577 551 1636 legitur
568 1610 581 1631 ‚
607 1578 792 1622 necdum
822 1576 919 1622 fiffo
945 1592 1038 1621 nux
1062 1578 1226 1621 cortice
1255 1577 1390 1622 rimas

186 1661 287 1719 Egit
308 1660 435 1704 hians
453 1694 466 1714 ,
492 1660 664 1703 corium
689 1658 828 1716 paleis
857 1659 1078 1716 permixta
1106 1657 1318 1704 remittet.

247 1741 416 1784 Nativo
440 1740 606 1797 patiere
633 1740 767 1783 satam
792 1739 1021 1784 confistere
1043 1741 1182 1784 fundo

187 1824 444 1868 Castaneam
476 1838 490 1872 ς
519 1824 636 1865 lutea
660 1823 735 1864 vel
763 1836 863 1865 cum
889 1824 1046 1866 tellure
1071 1824 1257 1866 revelles
1274 1837 1292 1873 ;

187 1907 252 1949 Ut
272 1903 496 1948 scrobibus
517 1902 694 1946 demiffa
713 1934 724 1954 ‚
744 1916 914 1945 novum
931 1903 1014 1946 vix
1032 1904 1189 1948 sentiat
1208 1918 1376 1963 agrum.

247 1985 462 2030 Triticeas
490 1985 608 2027 inter
634 1983 714 2026 stet
744 1983 894 2027 mollis
921 1987 1148 2043 amygdala
1174 1985 1329 2029 meffes
1345 2017 1359 2040 ,

185 2069 337 2111 Durus
365 2066 441 2109 ubi
468 2064 622 2123 gelidis
647 2063 809 2106 Boreas
839 2078 931 2106 non
956 2065 1132 2109 insonet
1164 2067 1244 2111 alis
1263 2099 1277 2119 ‚

184 2151 438 2205 Exuratque
459 2160 584 2190 novo
606 2157 814 2203 properat
838 2160 951 2203 quos
971 2148 1092 2190 Vere
1117 2146 1356 2205 quotannis

184 2231 323 2274 Edere
348 2227 596 2286 praecipites
621 2228 747 2270 arbos
773 2227 1023 2284 improvida
1050 2228 1202 2275 flores.

249 2309 412 2353 Omnis
432 2310 550 2352 enim
568 2323 711 2353 verno
730 2309 827 2365 spes
847 2308 906 2352 est
926 2309 972 2352 in
991 2309 1102 2354 flore
1122 2326 1134 2355 :
1156 2308 1366 2355 tenellum

187 2390 306 2436 Hinc
333 2390 469 2435 solers
495 2390 659 2434 Natura
687 2390 814 2435 fovet
830 2421 843 2443 ,
862 2404 1074 2449 ramoque
1098 2392 1294 2438 comanti
