1500 2834
126 173 235 250 136
319 175 676 231 PRAEDH
736 162 1124 233 Rvs'rzcz

115 274 271 316 Tristia
295 275 376 317 vix
402 276 606 333 superent
629 290 759 321 tantae
784 277 966 335 vestigia
991 277 1122 321 cladis
1139 292 1173 333 τμ

115 354 242 397 Ficus
269 356 388 399 enim
404 357 558 402 'subito
587 374 733 402 ramos
758 359 965 403 adolescit
990 357 1038 401 in
1061 361 1174 402 altos
1191 363 1210 411 ,”

117 435 202 477 Sed
218 436 365 481 brevis
385 438 445 481 est
465 454 642 498 quoque
657 440 751 485 vita
772 457 783 484 t
804 440 918 497 rapit
936 454 1057 483 mors
1074 441 1177 484 alite
1192 439 1286 483 fato
1313 461 1320 469 ·

117 515 341 573 Praecipiti
366 519 575 578 quidquid
602 534 730 578 partu
751 523 916 566 Natura
942 521 1124 565 creavit.

180 598 311 643 Hunc
325 601 516 645 Fortuna
535 603 657 660 sequi
676 617 846 647 morem
866 602 1126 650 consuevit:
1149 599 1197 645 in
1212 602 1348 644 altum

120 678 301 722 Attollit
324 680 475 725 subitis
503 684 662 740 opibus
679 716 692 737 ,
726 684 944 740 celerique
970 695 1142 726 rotatos

95 796 98 801 .
124 760 318 804 Turbine
341 764 549 822 mortales
576 765 627 807 ab
650 765 875 808 honorum
903 762 1093 807 culmine
1117 763 1292 806 summo

129 841 376 898 Praecipitat
392 859 406 894 ;
426 845 682 903 gremioque
699 859 870 889 novum
889 845 1109 902 depromit
1127 847 1354 887 alumnum

129 923 279 976 Quem
294 923 455 980 pariter
469 925 678 968 monstret
691 925 965 982 tenebrisque
980 927 1188 984 recondat
1204 923 1356 968 avitis.

133 1002 239 1057 Quo
267 1005 404 1048 fuerat
428 1006 584 1048 domus
610 1004 792 1059 editior,
819 1004 1022 1073 graviore
1045 1005 1171 1054 ruina

138 1085 344 1128 Concidit
371 1100 385 1134 3
411 1098 460 1129 ut
484 1085 605 1130 filvis
634 1100 766 1143 quam
791 1085 1026 1128 demiratus
1051 1085 1100 1127 in
1123 1085 1222 1128 altis

130 1165 399 1209 Umbriferas
424 1168 600 1210 cedrum
626 1168 857 1210 tollentem
887 1168 940 1210 ad
966 1167 1099 1213 fidera
1123 1167 1301 1210 frondes

133 1247 320 1290 Viderat
345 1262 360 1296 ·,
389 1261 447 1290 ex
471 1247 561 1290 alio
589 1248 760 1291 rediens
791 1261 901 1290 mox
930 1248 1037 1290 orbe
1064 1247 1240 1299 viator,

138 1327 400 1371 Circumfert
417 1330 571 1371 oculos
589 1345 603 1378 ·,
623 1329 665 1371 ὅ(
683 1343 781 1386 quae
799 1342 952 1371 nemus
969 1341 1102 1371 omne
1117 1328 1340 1383 premebat
1355 1360 1368 1381 ‚

138 1409 355 1463 Q'uzeritat
381 1409 589 1453 incassum
615 1409 731 1452 cedri
755 1422 886 1466 caput
914 1424 926 1452 ι
958 1421 1043 1450 una
1066 1408 1294 1463 supersunt

138 1490 379 1533 Arboribus
408 1490 573 1533 circum
602 1489 755 1533 laceris
780 1488 968 1546 vestigia⁴
987 1487 1126 1532 cassis.

202 1573 410 1615 Ficulnos
435 1585 606 1615 memor
633 1571 768 1627 usque
793 1569 890 1613 solo
918 1567 1107 1627 defigere
1131 1577 1310 1623 ramos,v

142 1652 265 1710 Elige
294 1653 519 1708 petrosum
543 1654 705 1695 collem
733 1667 744 1695 ε
772 1653 870 1694 loca
895 1650 1022 1694 saxea
1046 1649 1182 1693 ficum

144 1734 406 1781 Nobilitant.
433 1734 711 1789 Quamquam
738 1731 843 1774 coeli
868 1733 995 1788 plaga
1021 1729 1178 1773 mitior
1202 1742 1344 1774 ortam

146 1815 375 1871 Excipiat‚
401 1814 548 1871 primo
574 1827 723 1857 tamen
746 1812 971 1870 indulgere
996 1812 1072 1855 sub
1097 1826 1198 1854 aevo

149 1895 350 1940 Proderit
378 1909 388 1935 :
418 1894 581 1938 idcirco
607 1907 745 1937 vacua
773 1892 1020 1935 internodia
1050 1905 1198 1934 cannae

148 1978 316 2021 Divide
335 1993 349 2027 3
369 1991 458 2034 quo
481 1975 634 2032 capitis
657 1974 773 2032 quafi
791 1973 984 2031 tegmine
1002 1972 1178 2031 frigoris
1199 1987 1350 2018 arcens

150 2059 262 2104 Vim
289 2058 475 2115 gelidam
496 2090 508 2109 ,
534 2055 682 2099 mollis
709 2066 849 2097 tutere
873 2053 1099 2097 cacumina
1123 2057 1304 2111 plantae.

203 2140 275 2190 ,Ut
300 2137 449 2180 festina
476 2137 577 2179 suos
603 2134 757 2179 alienis
784 2135 998 2178 menfibus
1026 2136 1156 2178 arbor

153 2218 371 2263 Parturiat
394 2218 508 2261 fetus
527 2249 538 2267 ‚
567 2218 714 2260 oleum
741 2215 952 2271 cepasque
981 2217 1184 2259 rubentes
1202 2248 1215 2269 ,

153 2300 456 2356 Rigosumque
481 2298 608 2354 piper
638 2287 888 2342 fluvialibus
913 2295 1103 2352 incoque
1127 2297 1356 2354 lymphis·,

154 2383 259 2438 Quo
289 2379 414 2427 radix
439 2379 635 2425 animosa
664 2379 766 2424 suos
792 2375 1077 2424 medicamine
1102 2376 1267 2422 fructus
