1500 2834
134 220 251 293 '152
373 215 703 274 PRAEDJJ
746 217 1121 274 Rvsrtct

194 317 300 358 Inde
327 315 435 360 fluet
463 318 652 362 medicas
677 320 839 363 humor
868 320 1071 376 quaefitus
1100 319 1155 361 ad
1177 328 1329 368 -artes3

133 396 319 440 Ulmeus
343 411 567 457 expugnat
591 401 732 445 febres
750 433 763 455 ‚
791 402 1046 444 sambuceus
1072 400 1188 443 albo-

133 477 411 535 Languorem
428 480 644 538 hydropis
669 483 722 525 de
748 496 936 539 corpore
962 480 1090 538 pellit
1116 478 1365 538 aquosnmg

131 558 372 604 Fraxineus
395 562 582 606 laterum
609 565 759 608 mollit
783 564 1024 622 capitisque
1051 564 1253 606 dolorem
1272 592 1288 613 ,
1373 580 1377 584 ·

131 640 280 696 Atque
303 643 460 686 oculos
485 643 663 688 hebetes
687 644 805 689 acuit
823 677 837 699 ,
858 644 1082 702 surdisque
1106 643 1308 686 medetur

133 720 322 765 Auribus
341 753 354 775 ‚
382 722 426 764 δε
451 723 661 768 membris
686 725 825 783 abigit
848 726 1007 768 lethale
1033 737 1276 768 venenum.

193 800 262 844 Est
285 816 465 860 quoque
485 803 689 850 fraxineo
709 807 786 850 sua
813 806 886 850 vis
917 807 960 850 &
983 805 1119 866 gratia
1145 805 1270 863 ligno
1287 819 1304 854 ·‚

133 883 239 927 Sive
263 883 406 928 fluens
425 885 600 944 sanguis
629 886 821 931 citiorve
846 888 1058 931 moranda
1082 886 1134 929 fit
1159 887 1303 929 alvus.

133 964 291 1009 Livida
307 965 517 1010 fraxineae
535 979 687 1010 curant
707 982 885 1025 quoque
903 969 1088 1011 vulnera
1105 967 1282 1010 frondes
1300 996 1315 1018 ,

131 1046 187 1089 Et
201 1046 436 1102 prohibent
450 1049 635 1092 mordax
650 1063 706 1092 ne
722 1051 915 1093 membra
931 1060 1010 1106 por
1024 1049 1195 1106 integra
1212 1059 1368 1090 cancer

131 1110 283 1171 Latius
309 1140 484 1172 emanet
510 1144 525 1179 ·,
555 1145 636 1174 nec
665 1129 715 1174 in
740 1130 900 1175 intima
923 1130 1091 1174 viscera
1118 1129 1269 1187 gliscat

131 1208 371 1252 Mox-rifero
397 1209 522 1254 virus
550 1211 693 1254 fundit
719 1212 838 1267 quod
863 1211 1018 1267 vipera
1043 1211 1188 1254 dente.
1246 1235 1250 1239 ·

190 1288 418 1347 Anguibus
432 1290 568 1347 usque
584 1292 693 1334 adeo
709 1290 770 1334 est
784 1291 912 1334 arbos
928 1290 1107 1335 inimica
1121 1324 1133 1344 ‚
1150 1290 1227 1334 sub
1242 1289 1394 1333 umbra

131 1369 255 1413 Illius
281 1382 331 1413 ut
358 1383 558 1415 metuant
585 1373 862 1415 convolvere
889 1385 1085 1427 corpus;
1113 1372 1157 1414 ὅ(
1183 1372 1290 1414 orbe

133 1452 186 1493 In
214 1450 362 1495 medio
388 1451 556 1507 positus
584 1452 761 1508 serpens
780 1481 793 1505 ,
823 1465 874 1495 ac
904 1451 1130 1495 frondibus
1155 1451 1279 1494 illinc

135 1532 317 1575 Clausus
339 1528 550 1585 fraxineis
566 1563 579 1584 ‚
606 1531 710 1575 hinc
728 1531 868 1588 prun-21
883 1533 1060 1575 ardente
1076 1564 1089 1585 ,
1109 1546 1188 1588 per
1201 1532 1351 1590 ignem

136 1612 409 1657 Semicremo
433 1612 607 1671 fugiens
633 1615 796 1657 celeres
827 1615 900 1657 det
925 1627 1112 1670 corpore
1137 1617 1324 1657 tortus.‘

197 1694 497 1752 Sanguineum
516 1708 702 1751 quercus
719 1694 849 1737 succo
868 1692 1103 1752 stringente
1121 1687 1310 1736 fluorem

137 1774 425 1832 compescit:
452 1775 724 1820 stomachum
752 1775 859 1819 tiliae
887 1775 1083 1819 solantur
1107 1772 1310 1817 onustum
1326 1804 1342 1826 ‚

139 1858 503 1914 Marcentemque
531 1855 681 1899 cibis:
709 1870 876 1912 prunus
901 1854 1094 1899 silvatica
1119 1856 1283 1911 pellem

133 1937 489 1996 Squamososque
518 1935 644 1994 gravi
668 1936 894 1994 prurigine
923 1935 1079 1979 liberat
1107 1947 1241 1978 artus.

192 2020 287 2062 Nec
311 2019 474 2062 betulla
499 2016 609 2060 fluet
628 2017 835 2060 membris
856 2016 1002 2059 minus
1028 2016 1154 2060 utilis
1181 2014 1307 2074 aegris
1329 2031 1346 2065 3

140 2102 228 2144 Seu
252 2098 477 2142 stomacho
506 2097 628 2141 diros
658 2098 777 2140 calor
803 2107 1036 2153 erupturus
1063 2097 1110 2140 in
1143 2098 1268 2155 ignes

140 2181 325 2223 Incubat
351 2195 367 2229 ·‚
396 2177 574 2222 infestus
601 2191 728 2220 renes
756 2177 833 2219 seu
862 2179 1050 2221 calculus
1073 2177 1179 2223 urit.

197 2261 468 2304 Humidulos
494 2259 631 2304 etiam
654 2257 884 2302 studiofior
908 2258 1065 2315 Anglia
1089 2258 1223 2302 flores

134 2339 297 2400 Pungit
316 2354 395 2384 acu
415 2371 428 2393 ‚
456 2339 500 2383 &
524 2324 704 2383 succum
730 2338 850 2394 jubet
877 2340 1067 2382 exudare
1097 2339 1309 2383 salubrem
1326 2372 1341 2393 ‚

138 2421 363 2468 Maeonios
390 2421 565 2480 qualem
597 2408 692 2464 non
709 2417 929 2478 ,exprimit
953 2419 1068 2479 ignis
1096 2421 1148 2464 ad
1172 2420 1301 2463 usus:
