1482 2834
89 190 204 269 346
326 190 673 245 PRAEDH
721 188 1098 244 Rvsrlct

83 290 312 347 Exemplis
339 289 611 345 monitisque
636 288 723 330 tuis
751 287 826 344 qui
852 287 1046 344 pondera
1071 287 1219 329 rerum'
1307 308 1309 310 ·

84 372 331 416 Sustineant
347 403 361 424 ,
385 369 663 427 patriumque
683 369 822 412 ferant
840 368 885 411 in
906 367 1048 410 secula
1073 347 1255 410 nomen.

148 453 309 509 Stagna
336 452 456 509 gregi
482 451 559 509 qui
585 465 684 494 rure
712 463 834 506 paras
862 447 1091 492 habitanda
1115 443 1309 499 natanti,'

86 532 271 591 Irriguis
296 532 527 590 praecin&a
550 532 632 575 tibi
658 531 732 575 seu
757 531 981 573 montibus
1011 542 1116 571 arva

87 615 332 658 Absorbent
358 613 513 656 resldes
541 612 756 655 immenso
783 611 951 670 gurgite
978 609 1214 667 lymphas,

87 696 267 739 Naturae
293 708 386 737 non
410 693 514 736 artis
540 706 653 750 opus
684 709 695 736 ε
728 693 803 735 seu
829 680 959 734 {fallis
987 690 1034 733 in
1059 689 1226 732 aretum

90 775 163 820 Sic
191 775 311 828 coit,
339 786 389 816 ut
414 773 531 817 facili
556 774 781 817 frenentur
806 772 972 830 pariete
998 770 1116 824 rivi,

90 858 228 901 Utere
257 857 445 900 fortunae
477 854 604 898 donis
632 855 678 897 &
703 854 819 897 sorte
849 855 1070 897 locorum.

151 940 423 995 Camporum
454 935 530 994 qui
556 938 682 993 piana
709 933 818 979 colit
834 932 983 987 ,iicet
1007 945 1164 992 aggere
1187 932 1335 976 multo
1405 931 1408 934 ⁴

91 1019 190 1063 Vix
214 1020 323 1062 bene
348 1018 574 1062 contineat
594 1016 848 1075 graviorum
873 1015 1045 1071 pondus
1067 1024 1274 1071 aquarum
1290 1043 1306 1067 ‚
1379 1040 1381 1042 -
1415 1026 1419 1028 ·

88 1102 170 1156 ‚Nn
197 1100 393 1156 desperet
412 1113 590 1156 :opum
615 1098 685 1142 vis
716 1097 758 1141 δι
783 1098 910 1140 labor
933 1093 1083 1139 omnia
1107 1095 1312 1139 vincunt.

157 1180 411 1223 Flumineos
439 1180 514 1223 ubi
538 1192 650 1223 terra
679 1177 825 1232 jacens
853 1176 1095 1220 imitabitur
1119 1177 1272 1219 alveos
1288 1206 1304 1230 ‚

99 1261 166 1307 Sit
192 1261 327 1319 segeti
353 1260 555 1318 quamvis
582 1273 682 1316 aget·
712 1256 964 1316 ingeniosus
992 1257 1154 1299 alendae
1172 1288 1186 1308 ‚

99 1345 279 1401 Stagnet
298 1340 422 1400 aquis
440 1356 453 1390 ·‚
478 1341 729 1396 sulcenrque
747 1350 859 1382 rates
879 1339 996 1394 quod
1014 1340 1174 1380 vomer
1193 1335 1340 1379 arabat

99 1424 272 1480 AEquor
297 1438 310 1471 ·‚
338 1423 381 1465 ὅ(
407 1421 636 1464 amnicolae
662 1420 889 1476 depascant
912 1398 1090 1461 humida
1115 1416 1254 1474 pisces

103 1506 321 1550 GramEna
342 1536 355 1557 ‚
377 1518 473 1561 quae
500 1502 615 1546 fimae
639 1501 877 1545 tondebant
901 1510 1001 1545 ante
1026 1500 1219 1554 capellae.

162 1586 264 1630 Post
288 1586 363 1629 ubi
384 1584 662 1642 squamigero
681 1582 859 1627 lustrum
886 1594 978 1624 non
997 1578 1184 1636 amplius
1201 1590 1341 1622 unum

103 1667 348 1712 Servierint
374 1665 554 1723 pecori,
584 1663 780 1724 lymphis
805 1659 1037 1714 exhausta,
1063 1658 1271 1716 vicesque

104 1751 264 1806 Stagna
288 1762 365 1804 per
390 1749 577 1790 alternas
602 1758 818 1789 annorum
843 1742 1038 1801 quinque
1063 1742 1230 1785 colono
1294 1747 1297 1750 ’

104 1828 290 1873 Reddita
307 1860 319 1880 ,
344 1826 502 1881 majori
526 1825 695 1882 parient
720 1838 819 1868 cum
845 1824 997 1867 fenore
1021 1822 1185 1879 fruges.

108 1911 350 1954 Triticeam
374 1908 431 1951 fic
454 1907 582 1950 vallis
608 1919 744 1961 opum
770 1903 971 1948 ditiffima
996 1898 1176 1946 meffem

105 1993 271 2038 Educat
298 1991 338 2032 &
365 1983 507 2047 pisces'
534 2002 547 2035 ·,
575 1988 618 2029 &
643 1986 691 2028 in
718 1997 891 2041 aequore
915 1981 1097 2026 fiuauat
1121 1993 1214 2024 uno

107 2072 311 2130 Lympha
330 2069 534 2127 segesque
554 2067 686 2109 Notis
705 2065 871 2108 undans
889 2079 902 2112 ·,
921 2064 1158 2119 eademque
1177 2055 1362 2104 vicissim

109 2153 261 2209 Regna
286 2163 438 2194 tenent
466 2149 508 2191 ὅ(
538 2147 650 2190 flava
676 2148 834 2198 Ceres,
863 2145 905 2186 δε
932 2143 1110 2186 candida
1135 2131 1258 2187 Nais.

172 2231 430 2287 Hospitium
455 2228 565 2272 rivis
590 2226 696 2280 alii,
721 2225 917 2283 piscique
942 2225 1135 2268 futurum
1155 2255 1169 2277 ,

112 2315 272 2371 Stagna
298 2323 450 2368 parant
474 2308 629 2352 mediis
658 2306 706 2350 in
729 2306 916 2350 collibus
933 2319 946 2354 ς
966 2306 1081 2348 unde
1104 2303 1298 2347 virentes

112 2394 334 2442 Defiliens
358 2405 503 2450 prono
526 2390 636 2446 pede
661 2387 844 2446 lympha
867 2386 1135 2443 perambulat
1157 2384 1346 2434 horton
