1482 2834
95 158 543 222 m
544 154 1322 237 έεέὲῖξὲυεωθο

128 273 1292 369 ARGUMENTUM

417 437 463 492 L
505 437 529 493 1
571 437 614 494 B
655 435 773 492 RI
854 433 1014 493 XV.

106 524 247 634 VA
268 585 312 626 R
332 585 364 626 Ι
381 585 437 626 AE
472 630 475 633 Α
494 570 802 654 stagnorum
858 569 1075 646 species.
1137 566 1329 645 Stagni

99 690 258 747 agger
295 671 515 728 dirutus.
566 673 757 750 stagni
799 667 1023 730 latibula
1059 692 1084 739 ,·
1125 671 1334 728 umbra-
1384 731 1387 735 ἥ

102 772 240 826 cula.
299 770 627 851 Castellorum
670 769 818 853 fhffae
863 771 1094 847 piscibus
1149 793 1338 848 oppor-

99 888 257 926 tunae.
297 871 692 946 Frequentanda
725 872 951 948 piscibus
976 871 1170 955 stagna
1188 915 1212 942 ,
1251 871 1340 927 ubi

103 971 166 1025 de
206 970 429 1047 piscatu.
476 973 649 1050 Pisces
696 972 784 1048 qui
836 971 895 1027 in
936 972 1087 1046 aquis
1131 990 1341 1048 torpen-

104 1069 244 1126 tibus
294 1073 513 1129 aluntur
553 1115 574 1143 ,
624 1074 712 1130 ubi
759 1072 820 1128 dc
871 1072 1121 1150 anguillis
1161 1093 1181 1129 .·
1234 1092 1344 1127 me-

108 1170 447 1252 tamorphosis
499 1173 655 1250 Carpi
701 1170 755 1231 ὃ*
789 1173 1052 1250 chiorum
1077 1216 1099 1244 ‚
1137 1173 1195 1227 in
1233 1171 1348 1248 Pis·

110 1291 208 1326 ces.
239 1271 430 1327 Lucius
449 1294 475 1342 ,⁶
510 1289 650 1330 truta
685 1293 706 1330 :
723 1270 1044 1350 subneffitur
1071 1290 1349 1328 metamor-

103 1369 284 1450 phosis
327 1371 496 1427 Trutae
538 1413 557 1444 ,
597 1371 815 1450 virginis
853 1414 874 1442 ,
919 1371 979 1427 in
1017 1383 1208 1428 crutam
1228 1415 1249 1444 ,
1291 1368 1348 1430 δ’.

112 1471 306 1542 Lucii,
350 1471 572 1548 raptoris
591 1514 612 1543 ,
645 1472 704 1527 in
750 1471 960 1528 lucium.
999 1471 1198 1528 Mutua
1234 1471 1353 1547 pis-
1433 1547 1437 1550 ᾖ

114 1572 251 1627 cium
291 1573 465 1628 caedes.
499 1571 668 1628 Variae
686 1570 993 1650 stagnorum
1023 1570 1187 1654 pestes
1219 1591 1239 1627 .·
1273 1573 1353 1627 lu-

113 1688 196 1728 tra
229 1714 250 1742 ‚
294 1671 381 1727 ubi
427 1671 488 1726 de
532 1672 739 1728 Praedio
787 1672 871 1728 D.
918 1672 978 1727 de
1023 1668 1355 1752 Rffguier3

115 1791 286 1827 mures
337 1767 567 1846 aquatici
598 1794 623 1842 ,·
649 1771 785 1846 fiber
804 1772 904 1848 scu
950 1771 1112 1854 castor
1135 1794 1159 1842 ,·
1197 1793 1360 1829 arun-

113 1867 267 1926 dines
305 1893 332 1940 ,·
363 1870 527 1944 junci
551 1892 576 1940 ,⁶
604 1869 781 1944 fames
807 1913 828 1941 ,
868 1872 956 1927 ubi
990 1871 1052 1926 de
1093 1872 1204 1928 cibo
1243 1871 1362 1948 pif-

119 1971 273 2026 cium.
303 1969 551 2046 Pisciculi
568 2014 588 2042 ‚
621 1971 709 2026 ubi
747 1971 807 2025 de
845 1970 1241 2052 metamorphqfi
1259 1971 1362 2043 ju·-

118 2052 308 2130 venuin
332 2071 390 2126 in
413 2071 711 2148 pisciculos.
732 2070 907 2146 Pisces
928 2067 1184 2145 cificribus
1211 2090 1362 2130 tuen-

114 2171 197 2227 di.
228 2171 366 2226 Calx
411 2167 465 2228 δ’
498 2170 656 2248 dapes
687 2188 948 2229 venenatae
981 2169 1176 2245 injeffae
1198 2173 1378 2250 pisci-=

120 2271 232 2327 bus.
250 2273 456 2347 Stagna
474 2270 1084 2347 exhautienda.Pifiatus
1104 2273 1164 2327 in
1168 2271 1362 2355 stagno

123 2368 358 2426 nondum
372 2367 651 2444 frequenti.
670 2369 833 2425 Linea
847 2369 1131 2445 piscatoria
1151 2393 1172 2427 .·
1196 2389 1355 2427 meta-

124 2468 406 2552 morplzqsis
428 2470 591 2528 Barbi
603 2512 623 2542 ‚
640 2469 947 2547 piscatoris,
982 2471 1040 2529 itt
1070 2471 1296 2527 barbum.
