1500 2886
508 271 810 329 ιιΒειι
857 268 955 330 ΙΙ.
1289 288 1354 351 51
1462 229 1464 232 >

129 372 349 419 Protenfis
377 371 465 418 late
492 372 654 417 tunicis
675 405 688 426 ,
718 370 928 416 inflantur
953 381 1005 414 ut
1024 370 1181 415 Austro

131 456 316 499 Carbasa
334 487 348 509 ‚
376 469 511 513 quum
534 453 677 511 plenis
701 453 838 498 sulcat
864 452 969 496 ratis
998 467 1176 511 aequota
1199 453 1332 498 velis.

192 538 351 580 Fabula
370 536 403 579 fi
427 549 512 594 qua
530 547 682 579 recens
701 546 841 577 totam
860 535 1053 597 vulgata
1061 549 1139 590 per
1157 535 1311 578 urbem

132 619 304 675 Inclyta
322 619 552 661 dedecoret
569 615 801 660 maculofis
822 615 1005 659 nomina
1024 615 1200 672 probris
1220 631 1234 665 ;

132 699 436 754 Embeantque
460 695 550 740 viri
576 697 698 752 quod
720 707 871 754 peccat
897 697 1091 739 adultera
1116 695 1282 749 conjux
1302 729 1315 750 ,

133 780 222 823 Vel
240 780 416 822 doleant
433 778 538 821 ludo
559 789 711 821 tenuat
731 791 842 834 quos
865 776 1050 835 prodiga
1071 777 1223 820 census
1244 793 1259 827 ;

131 848 321 904 Miratut
338 858 546 903 Procetes
563 891 576 912 ,
603 858 682 916 qui
698 857 878 916 legibus·
890 857 1052 915 oppida
1070 859 1254 902 fraenant
1273 891 1286 911 ,

131 942 237 984 Non
264 954 445 998 regnare
471 940 595 984 domi
617 972 631 994 ‚
661 940 735 984 sed
762 954 856 984 rem
883 941 1130 997 famamque
1159 939 1308 984 mariti

130 1022 334 1076 Uxorem
362 1036 498 1080 penes
526 1021 611 1066 effe
640 1024 805 1067 levem.
838 1022 1069 1066 Connubia
1096 1022 1189 1066 ruri

133 1105 259 1147 Stant
278 1104 367 1147 ritu
394 1104 581 1147 meliore
601 1119 615 1148 t
634 1103 726 1148 viri
744 1103 1002 1162 dominique
1022 1103 1213 1157 iubentis

131 1184 328 1241 Imperio
356 1197 480 1242 patet
506 1183 704 1239 conjux3
730 1186 956 1242 oblitaque
979 1187 1127 1244 legum

130 1266 187 1308 Et
207 1265 311 1309 fidei
331 1298 344 1319 ,
373 1265 406 1308 fi
425 1280 521 1323 quae
540 1266 706 1310 blandis
725 1267 1001 1318 sermonibus
1020 1280 1147 1314 aures

134 1348 321 1390 Credula
347 1347 582 1403 praebuerit
601 1379 616 1400 ‚
648 1347 780 1390 nullis
799 1346 978 1391 infamia
1004 1345 1159 1391 crescit

131 1428 302 1473 Litibus
323 1428 371 1470 in
392 1429 554 1486 vulgus
573 1427 724 1484 sparsis
746 1444 758 1471 ε
780 1442 870 1485 quo
890 1427 1069 1485 pectore
1089 1428 1239 1471 sontes

134 1508 324 1567 Castigat
349 1523 511 1566 pueros
532 1512 545 1561 4
575 1509 752 1553 meritas
771 1508 797 1552 a
817 1508 1005 1567 coniuge
1030 1523 1188 1567 poenas

133 1592 260 1636 Clam
278 1590 439 1648 repetit
455 1591 639 1647 sponsus
655 1624 668 1643 ,
690 1603 990 1649 promptoque
1010 1591 1204 1635 recidere
1219 1592 1371 1638 mallet

132 1671 257 1716 Fuste
287 1672 427 1716 scelus
444 1705 458 1725 ,
489 1675 613 1717 lento
644 1673 757 1717 socii
785 1672 916 1732 quam
942 1673 1109 1720 foedera
1132 1673 1237 1717 lecti

134 1753 323 1796 Solvere
343 1751 509 1807 judicio
529 1769 544 1803 ·,
572 1752 641 1808 jus
665 1753 987 1812 imperiumque
1007 1754 1154 1798 mariti
1175 1787 1189 1807 ‚

134 1834 271 1888 Quod
287 1848 407 1878 mera
429 1833 642 1879 rusticitas
661 1836 776 1892 apud
792 1835 955 1892 oppida
975 1837 1093 1879 culta
1112 1849 1299 1881 vocatur
1317 1843 1334 1892 ‚'

134 1916 253 1960 Rure
282 1916 503 1973 pudicitiae
531 1917 675 1961 custos
698 1918 743 1961 &
767 1917 931 1963 amoris
958 1919 1158 1963 habetur.

196 1998 315 2042 Proh
339 2002 349 2043 !
372 1998 529 2056 quibus
548 2012 714 2043 uxores
732 1998 881 2043 oculis
899 1999 1128 2056 fatuosque
1154 2000 1340 2044 maritos

134 2079 336 2123 Rusticus
359 2079 572 2136 aspiceret
594 2084 604 2125 Ξ
627 2078 743 2123 festis
767 2080 1022 2123 accumbere
1049 2079 1207 2123 mensis

60 2186 64 2190 ·
135 2160 183 2203 Si
212 2159 361 2203 videat
387 2161 500 2204 solas
518 2193 532 2214 ‚
565 2161 609 2204 &
639 2162 758 2205 nudo
789 2160 958 2204 vertice
991 2159 1157 2203 circum

133 2242 259 2285 Stare
276 2242 404 2286 viros
424 2275 439 2296 ,
467 2242 662 2287 humeris
681 2243 880 2287 mantilia
898 2244 1010 2287 ferre
1028 2274 1041 2294 ,
1067 2256 1148 2286 nec
1166 2243 1306 2285 ullum

134 2325 338 2366 Abnuere
365 2323 558 2367 officium
587 2339 736 2368 vernae
757 2357 770 2376 ‚
800 2323 1030 2380 nullosque
1062 2337 1219 2381 negare

134 2405 265 2460 Quos
284 2403 428 2448 veluti
448 2405 648 2450 miserata
670 2405 793 2449 cibos
813 2406 884 2447 dat
903 2402 1085 2447 foemina
1103 2416 1222 2446 retro

107 2516 122 2523 -
134 2485 356 2531 stantibus
376 2486 431 2531 ad
448 2485 641 2532 mensam
659 2484 827 2543 spontis
849 2499 863 2536 3
891 2482 961 2528 his
980 2483 1150 2541 turgida
1168 2483 1365 2527 Matrum

1018 2565 1062 2607 D
1093 2562 1126 2619 ij
