1482 2834
94 227 211 299 392
330 216 678 277 PRAED'II
724 221 1096 275 Rvsrlct

91 310 178 366 'Vis
203 319 353 364 infesta
379 334 538 364 canum
555 353 568 374 ‚
594 324 944 375 venatorumqu'e
967 314 1214 365 tumultun*

92 400 198 445 Non
225 401 310 444 ali&
335 414 508 446 veteres
534 412 753 457 permutat
779 399 878 442 sede
907 408 1102 454 penates.

157 482 204 524 Si
229 495 359 538 quem
387 481 538 524 nae‘ms
565 481 654 524 eris
681 479 828 537 primo
856 478 934 536 qui
957 477 1070 520 flore
1093 473 1290 530 juventae
1323 488 1326 491 ·

96 562 309 606 Fervidus
330 565 556 606 antevolet
577 544 808 621 Zephyros
829 577 844 611 ·‚
862 561 978 604 hunc
999 557 1151 614 respue
1169 588 1183 610 ,
1205 552 1332 598 cursu

97 645 167 688 Ne
193 645 362 688 catulos
387 644 585 702 ipsasque
613 658 730 703 vago
760 644 952 687 clamore
975 637 1136 696 fatiges

97 723 311 767 Incaffum
338 724 466 769 filvas
483 758 496 778 ‚
525 726 568 769 &
589 726 669 782 'spe
695 724 867 769 ludaris·
887 721 1025 767 inani.

99 796 330 848 Ante'feres
361 820 543 849 cervum
569 805 645 863 qui
674 805 761 860 jam
788 804 1002 863 gravitate
1030 797 1158 845 senili
1422 863 1423 867 Ἰ

100 885 288 928 Tardior
307 884 367 929 est
386 918 400 938 ,
416 885 593 943 astuque
621 886 759 944 magis
780 883 910 942 quum
930 885 1089 935 robore
1109 890 1276 938 pugnat
1293 892 1310 926 3
1372 886 1379 889 ’
1465 884 1471 891 “

104 969 323 1024 Certaque
342 967 460 1025 figna
478 968 640 1023 pedum
662 967 882 1024 notosque
901 965 1110 1022 relinquit
1129 963 1288 1007 odores
1305 991 1323 1012 ,

102 1048 327 1106 Inscriptis
357 1047 560 1106 graviora
587 1061 791 1103 premens
818 1045 1002 1104 vestigia
1026 1044 1170 1088 terris.

167 1130 272 1171 Non
299 1127 440 1171 dubiis
468 1140 613 1172 autem
640 1125 815 1171 indiciis
842 1126 1092 1186 agnoscitur
1119 1136 1251 1168 aetas:

106 1208 204 1265 Ipsa
221 1210 400 1265 pedum,
419 1211 579 1253 molles
595 1222 791 1253 remanet
811 1224 906 1267 quae
926 1209 1089 1265 sculpta
1106 1219 1185 1264 per
1201 1206 1348 1263 agrosj
1442 1240 1471 1270 ,κ

108 1291 266 1333 Forma
284 1290 411 1333 docet
432 1306 443 1333 ε
464 1303 652 1346 namque
671 1289 718 1332 in
737 1289 905 1333 senium
925 1286 1207 1346 vergentibus
1225 1282 1350 1328 annis
1367 1309 1386 1331 ι
1442 1263 1473 1355 ’μζ

111 1370 403 1412 Contrahitur
422 1402 435 1423 ,
454 1383 596 1427 neque
615 1368 702 1424 jam
717 1379 862 1425 partes
882 1367 1048 1412 divisus
1065 1367 1111 1410 in
1130 1367 1278 1410 ambas
1328 1379 1333 1383 ³

111 1448 196 1493 Pes
220 1462 398 1506 apparet
422 1450 545 1493 humi
572 1465 586 1500 ·‚
612 1451 752 1508 longo
779 1449 854 1493 sed
882 1449 1012 1492 tritus
1041 1448 1202 1492 abusu
1452 1500 1462 1515 ἦ

115 1530 350 1583 Cernitur,
383 1530 426 1573 δε
449 1529 583 1573 luteis
613 1528 812 1587 infigitur
836 1528 969 1572 altius
994 1527 1130 1572 arvis.
1258 1515 1263 1522 ’
1446 1523 1464 1590 ’ξ

117 1613 323 1656 Stercora
350 1611 383 1654 fi
411 1625 497 1668 qua
526 1610 647 1654 cavis
675 1621 910 1654 occurrunt
939 1608 1087 1665 aspera
1113 1606 1233 1666 rugis

116 1689 389 1748 Pinguiaque
408 1707 422 1740 ;
445 1692 620 1735 annosae
639 1690 740 1734 sunt
757 1687 852 1734 haee
871 1704 1044 1747 quoque
1063 1689 1180 1747 figna
1199 1687 1378 1754 seneQae
1392 1704 1408 1737 e
1447 1701 1470 1734 3.

122 1771 338 1815 Praeterea
368 1785 525 1816 cervus
546 1805 559 1825 ,
588 1785 735 1815 rerum
762 1769 923 1814 inscius
941 1803 954 1823 ,
979 1769 1154 1827 hospita·
1177 1769 1298 1814 resto

122 1853 320 1896 Tramite
348 1852 477 1896 lustra
505 1852 617 1910 petit
649 1869 659 1896 :
689 1854 828 1911 longo
855 1835 930 1896 sed
957 1851 1127 1895 cautior
1151 1866 1282 1906 aevo,

122 1933 408 1978 Diffimulans
435 1933 518 1977 iter
537 1967 551 1987 ‚
575 1935 798 1990 implexos
818 1947 898 1989 per
922 1932 1043 1976 mille
1066 1931 1239 1975 viarum

126 2015 348 2058 Circuitus
365 2047 379 2067 ‚
405 2012 579 2058 stabulis
609 2014 653 2056 se
679 2014 723 2057 se
749 2011 1050 2056 ftondentibus
1077 2011 1196 2056 abdit
1211 2045 1227 2066 ‚

127 2096 330 2139 Affuetos
359 2109 560 2153 repetens
581 2127 593 2148 ‚
620 2106 722 2138 orto
746 2094 834 2147 jam
863 2095 955 2138 sole
971 2126 985 2147 ,
1010 2106 1209 2152 penates.

1447 1361 1471 1386 ,Α

1438 1395 1472 1454 ,Ξ

128 2176 175 2219 lt
195 2191 372 2234 quoque
393 2175 479 2230 jam
501 2177 648 2220 senior
667 2175 784 2233 paffu
802 2176 1007 2219 breviore
1027 2191 1040 2226 3
1060 2189 1142 2220 nec
1161 2189 1304 2220 annos
1338 2191 1342 2195 ’

130 2257 231 2302 Post
260 2258 430 2316 aliquot
445 2291 457 2313 ,
484 2257 646 2315 plantis
672 2271 771 2301 cum
797 2255 1107 2313 posterioribus
1133 2269 1226 2300 uno

120 2331 369 2382 ‘Anteriora
398 2341 560 2396 pedum
589 2338 751 2383 coeunt
779 2336 959 2395 vestigia
985 2338 1125 2395 figno.

197 2419 379 2464 Talibus
405 2419 634 2465 insti-ustus
661 2418 848 2464 monitis
873 2425 1061 2464 'venator
1080 2452 1095 2474 ‚
1123 2430 1293 2477 opacos
1327 2420 1330 2421 ’
