1482 2834
531 203 838 262 LIBER
901 197 1033 261 IX.
1122 231 1144 238 0-
1274 205 1400 275 ‘2312

146 298 365 350 Marrubii
390 302 545 350 latices
571 307 702 365 super
727 305 957 362 injiciebat
984 314 1159 348 amaros
1179 317 1194 347 ι

145 384 205 428 It
230 385 516 431 formicarum
541 387 733 432 flammis
757 389 934 432 abolere
957 383 1145 431 recefl'us

150 467 364 511 Sueverat
379 500 394 522 ‚
419 481 469 512 ut
492 469 618 513 fumo
643 468 848 527 durisque
873 466 1083 512 exterrita
1105 460 1256 524 poenis

150 548 344 607 Impigra
370 565 478 609 gens
502 552 622 595 ultro
647 551 762 594 male
787 550 895 594 tutis
920 549 1094 594 cederet
1119 546 1233 607 agris
1251 576 1269 601 ‚
1300 570 1303 573 ·

150 629 229 672 Nil
255 631 402 690 fruges
426 630 566 683 hiemi
590 630 724 682 leaas
742 663 756 685 ,
785 631 850 674 nil
875 631 1035 674 horrea
1034 642 1232 709 {uram-

211 712 454 757 Providere
478 711 561 756 Dii
585 712 717 757 nobis
746 712 934 763 meliora
965 727 977 756 :
999 711 1196 770 Pyrenes

147 794 302 850 Nuper
329 794 450 838 enim
476 795 616 838 celsos
640 793 873 852 peregrina
896 791 1072 840 ciconia
1096 803 1275 848 montes

147 876 270 918 Dum
291 876 464 933 superat
482 909 494 930 ,
514 877 739 934 ferturque
758 874 920 919 humili
938 874 1069 932 super
1087 887 1192 918 arva
1210 872 1366 917 volatu
1378 884 1397 923 3

145 957 201 1001 In
227 956 359 1001 caffes
384 957 463 1001 fibi
489 971 583 1000 non
608 958 779 1014 pofitos
802 957 916 1001 cadit
934 989 947 1010 ‚
973 968 1106 1014 atque
1129 952 1306 999 refestis

152 1039 384 1083 Continuo
411 1038 571 1096 pennis
600 1037 745 1082 custos
772 1037 1019 1096 imponitur
1043 1038 1196 1081 horto.

152 1121 339 1164 Oblatas
368 1120 545 1178 captiva
571 1122 703 1179 dapes
729 1119 921 1169 fastidit;
949 1131 993 1162 at
1017 1132 1208 1178 anguem

152 1203 275 1246 Inter
293 1202 411 1246 vidit
429 1204 528 1246 olus
545 1234 559 1255 ‚
587 1215 866 1259 vacuamque
886 1199 1066 1244 immifit
1084 1199 1133 1248 in
1151 1202 1301 1244 alvum
1321 1212 1337 1251 3

156 1283 378 1338 Quamvis
405 1282 481 1326 ille
507 1282 583 1326 diu
607 1281 794 1326 Inflatus
815 1314 828 1335 ,
859 1281 1062 1338 corporis
1087 1280 1205 1324 imos

153 1363 383 1421 Implicuit
407 1365 550 1407 nodos
572 1397 586 1418 ,
612 1364 656 1407 ὅ(
680 1374 799 1408 torta
822 1363 1055 1412 volumina
1079 1363 1238 1409 rostro.

154 1445 401 1501 Quaefitura
426 1459 595 1489 novam
618 1444 817 1490 volucris
845 1459 925 1506 per
949 1445 1145 1489 oluscula
1168 1445 1361 1502 praedam
1383 1476 1398 1499 ‚

153 1527 402 1570 Herbarum
419 1541 557 1585 genus
576 1541 710 1571 omne
726 1527 858 1585 sagax
874 1527 1089 1570 scrutatur
1105 1560 1118 1580 ,
1147 1527 1191 1570 ὃ(
1214 1528 1396 1570 hortum

155 1607 364 1651 Muribus
381 1640 393 1660 ,
423 1608 468 1650 &
487 1613 639 1664 campe
658 1619 814 1666 purgat
831 1640 844 1662 ‚
871 1606 1086 1666 talpisque
1104 1623 1118 1658 3
1143 1621 1224 1651 nec
1243 1607 1367 1666 ipsos

152 1689 432 1747 Dedignatur
454 1689 566 1738 edax
583 1721 596 1741 ,
622 1688 767 1732 veteri
792 1703 906 1746 quos
930 1701 1089 1733 evocat
1114 1688 1255 1737 imber

152 1770 326 1814 Pariete
344 1803 358 1824 ‚
383 1769 563 1814 limaces
589 1768 723 1814 fracta
748 1769 1006 1815 consumere
1030 1769 1217 1816 concha.

222 1853 329 1895 Non
357 1850 461 1895 satis
491 1850 551 1894 est
576 1852 736 1908 procul
762 1849 934 1902 infestas
961 1863 1160 1897 avertere
1186 1851 1326 1910 pestes
1344 1882 1360 1906 ‚

154 1932 337 1977 'Affiduo
362 1932 442 1976 nifi
467 1932 679 1977 sollicites
708 1933 921 1990 plantaria
946 1935 1099 1979 cultu:

157 2018 275 2059 Nam
305 2015 395 2058 fine
419 2013 469 2058 vi
494 2029 590 2073 quae
618 2014 775 2072 sponte
803 2015 936 2061 rubos
963 2015 1007 2057 &
1036 2013 1193 2062 inutile
1219 2028 1400 2073 gramen

142 2098 396 2155 Indulgens
421 2095 499 2140 fibi
525 2107 639 2141 terra
663 2108 812 2148 creat·,
839 2095 920 2139 nifi
946 2095 1066 2141 vista
1086 2098 1238 2145 labore

159 2178 396 2222 Continuo
413 2211 427 2231 ‚
455 2191 535 2222 nec
558 2179 658 2223 olus
682 2191 763 2222 nec
789 2192 970 2222 munera
994 2179 1148 2233 blanda
1166 2178 1295 2239 Lyaei

158 2261 254 2303 Nec
280 2258 447 2318 segetes
470 2258 627 2317 pariet.
654 2259 726 2304 Sic
752 2275 835 2304 nos
862 2262 914 2304 ad
938 2260 1086 2306 inania
1109 2262 1248 2309 fortes
1268 2295 1284 2317 ,

161 2340 411 2391 Deficimur
434 2341 584 2386 nervis
607 2344 661 2386 ad
683 2341 893 2392 honesta·,
917 2342 1080 2401 viaque
1106 2343 1294 2405 pedestri

159 2422 254 2478 Qui
287 2421 431 2481 paffus
459 2422 542 2468 vix
564 2423 687 2468 mille
707 2457 720 2478 ‚
753 2423 878 2468 suum
901 2424 1077 2470 visurus
1099 2425 1289 2469 amicum
1309 2456 1324 2479 ,

1055 2505 1089 2548 P
1120 2505 1167 2549 iv
1223 2529 1239 2541 ·
