1482 2834
492 216 799 274 LIBER
859 216 996 273 IX.
1245 230 1352 295 235

115 312 211 369 Qui
236 329 408 360 teneras
426 349 439 370 ‚
466 317 498 360 fi
523 333 630 362 vera
653 320 801 363 ferunt
818 351 830 372 ,
859 315 1071 362 interficit
1094 316 1267 362 herbas.

109 395 113 398 ’
180 397 375 442 Grandia
392 414 492 457 quae
511 402 651 458 longo
670 400 759 454 jam
777 400 968 444 macrior
986 398 1088 443 allia
1107 409 1236 455 partu

114 475 251 519 Terra
277 478 380 523 tulit
395 513 409 534 ,
435 482 560 540 largo
587 495 806 539 reparatas
830 480 1018 524 stercore
1042 480 1163 524 vires

113 558 312 616 Colligat
329 593 342 614 ,
370 575 471 607 ante
491 578 618 608 novo
638 563 771 622 quam
791 563 959 607 semine
979 563 1068 607 feta
1087 594 1100 615 ,
1126 561 1298 605 labores

112 637 315 683 Instituat
337 643 525 698 primos.
551 645 602 688 Id
626 644 675 688 in
698 644 843 688 hortis
869 646 995 688 dulce
1019 641 1218 709 chndis
1237 676 1251 695 ‚

111 717 251 773 Quod
277 721 456 766 meffem
479 726 609 769 tellus
634 724 716 768 alit
739 724 976 782 irrequieta
995 737 1236 781 perennem
1251 740 1267 773 ·,

109 798 426 861 Agricolasque
449 805 579 847 beant
605 805 650 848 δι
674 805 773 862 spes
800 806 843 848 δι
867 804 1032 848 fructus
1057 818 1236 848 avaros.

169 881 226 922 Et
249 882 499 929 dubitamus
526 887 665 930 adhuc
690 886 824 930 tantis
848 886 1058 931 ditescere
1085 887 1215 931 donis
1235 919 1251 941 ,

109 958 259 1018 'Atque
286 965 401 1008 oleri
427 981 550 1011 curas
577 967 868 1025 impendere?
896 969 1045 1012 Buxea
1070 968 1202 1013 nobis

91 1043 280 1088 silvula
296 1079 308 1097 ,
332 1061 427 1090 non
444 1049 602 1093 hortus
621 1044 783 1096 colitur
805 1066 816 1094 :
838 1052 994 1106 procul
1013 1036 1139 1094 utilis
1158 1050 1296 1095 herba

107 1125 271 1169 Exulat
288 1160 301 1179 ,
327 1141 378 1171 ut
402 1115 515 1173 vani
536 1130 699 1174 florum
727 1143 957 1189 captentur
981 1132 1142 1176 odores
1157 1163 1174 1185 ‚

106 1208 163 1250 Et
189 1221 335 1252 totum
360 1209 496 1254 sterili
517 1226 590 1254 rus
615 1213 862 1256 absumatur
887 1212 935 1255 in
958 1213 1112 1257 horto.

109 1288 248 1345 Atqui
278 1291 341 1334 nil
368 1293 528 1334 cedunt
555 1292 785 1336 hortenses
812 1293 998 1336 floribus
1022 1294 1189 1340 herbae.·

29 1431 32 1434 Ι
108 1372 213 1414 Una
237 1372 331 1415 dies
357 1372 518 1416 florem
542 1364 662 1417 nasci
688 1373 811 1417 videt
831 1406 844 1427 ,
866 1388 955 1417 una
980 1374 1158 1418 caducis

104 1451 298 1496 Effetum
322 1455 530 1512 languere
554 1454 697 1498 comis
720 1470 733 1498 t
756 1469 853 1512 quae
880 1469 1008 1499 mane
1032 1457 1239 1500 rubentes

105 1533 330 1590 Explicuit
354 1534 533 1579 frondes
551 1567 564 1588 ,
594 1535 719 1592 lapso
743 1535 843 1579 rosa
863 1536 1052 1593 vespere
1078 1535 1191 1580 flore

104 1614 320 1660 Tristibus
346 1613 562 1660 horrescit
586 1616 727 1674 spinis
749 1633 761 1660 τ
783 1629 828 1660 at
852 1618 1049 1661 oluscula
1076 1618 1233 1663 durant

105 1697 291 1753 Semper
310 1730 324 1749 ‚
357 1697 402 1740 &
427 1696 476 1740 in
501 1697 647 1742 sulcos
671 1697 788 1742 recte
817 1698 975 1757 digesta
995 1732 1007 1752 ,
1037 1697 1207 1744 virenti
1243 1733 1247 1737 ,

108 1778 187 1823 Nil
212 1779 335 1822 buxo
362 1779 520 1823 cedunt
538 1812 551 1833 ,
578 1778 639 1823 nil
670 1779 878 1824 coniferae
902 1779 1140 1838 cypariffo.

169 1861 217 1904 si
245 1860 422 1918 rapidos
451 1861 605 1905 Olitor
629 1861 744 1905 soles
762 1893 776 1915 ‚
805 1860 838 1904 fi
862 1860 1029 1920 frigora
1058 1862 1231 1906 Brumae

104 1942 296 1991 Mollit·‚
329 1942 374 1985 δι
397 1954 490 1985 arte
515 1940 673 1996 juvans
700 1942 908 1985 Naturam
929 1974 942 1994 ‚
969 1956 1167 1998 praecoce
1193 1954 1322 2001 partu

27 2065 30 2070 ,
109 2023 248 2081 Cogit
273 2023 458 2066 humum
483 2034 611 2066 natos
637 2021 784 2066 alieno
810 2034 1012 2079 tempore
1038 2024 1155 2067 fetus
1327 2025 1331 2028 ’

69 2144 76 2164 3
105 2105 244 2148 Edere
264 2136 277 2157 ,
307 2103 504 2161 quaefitas
530 2102 688 2147 menfis
712 2103 928 2161 regalibus
955 2104 1074 2148 escas
1096 2119 1112 2155 3

104 2188 174 2231 Ad
202 2199 385 2245 quantas
411 2197 605 2245 emerget
630 2200 740 2244 opes
766 2190 776 2231 !
800 2201 898 2244 quae
924 2188 1121 2231 nominis
1150 2187 1234 2233 ibit
1300 2171 1303 2176 ‚

102 2269 235 2312 Fama
260 2268 327 2312 sui
353 2272 362 2313 !
389 2267 513 2326 quam
539 2268 658 2312 sorte
685 2267 760 2311 sua
789 2281 1024 2313 contentus
1054 2272 1228 2314 avitum

105 2349 268 2393 Vertet
284 2364 436 2408 agrum
455 2354 465 2396 !
483 2364 626 2408 neque
639 2349 761 2394 enim
777 2350 902 2408 longi
919 2351 994 2407 spe
1011 2353 1226 2408 pendulus
1244 2353 1347 2397 anni

107 2430 306 2477 Eventus
324 2445 461 2491 pavet
478 2431 692 2490 ancipites
715 2448 727 2477 ς
746 2431 850 2476 serit
869 2432 1005 2491 usque
1023 2433 1237 2493 metitque
1254 2449 1270 2485 3

63 1892 78 1927 Γ
