1482 2834
555 239 843 296 LlssER
907 235 990 293 X.
1261 248 1388 307 <249

158 337 265 381 Non
288 336 416 382 aliter
440 337 619 398 pinguis
643 351 771 384 terrae
799 337 1008 383 nutritius
1030 336 1194 380 humor

158 417 373 462 Paulatim
401 417 590 464 infinuat
611 420 702 464 sese
726 419 942 464 radicibus
966 416 1070 461 imis
1089 448 1103 469 ‚

158 495 213 538 Et
235 497 328 540 sole
351 497 530 543 eductus
553 499 708 557 tepido
729 531 745 554 ,
769 500 992 556 venasque
1019 512 1099 555 per
1122 509 1280 541 omnes

157 577 387 633 Diffusus,
412 581 546 626 ramis
565 581 739 624 animos
762 592 1060 639 vegetumque
1084 577 1289 635 vigorem

157 658 354 708 sufficit:
373 674 417 704 at
433 660 589 706 Phoebi
604 675 741 719 quum
754 661 800 705 se
816 661 888 704 vis
902 657 1259 705 blandaremittit
1275 690 1287 709 ‚

156 740 433 798 Deceditque
451 741 591 786 hiemi
606 757 622 792 ς
641 754 738 786 tum
755 755 841 786 nec
859 742 903 784 se
922 738 1112 799 porrigit
1129 739 1242 782 ultra
1261 770 1274 790 ‚

156 821 252 865 Nec
270 834 412 866 tumet
426 821 476 865 in
489 822 649 867 florem
664 855 679 877 ,
700 836 781 867 nec
797 834 946 879 partus
965 821 1118 864 educat
1133 820 1260 862 arhor
1277 833 1288 861 z

156 902 356 960 Languet
369 902 487 947 iners
500 935 514 956 ‚
529 902 724 948 cecidere
740 917 880 947 comae
893 935 906 956 ,
919 901 1137 958 silvasque·
1145 914 1225 957 per
1241 913 1397 943 omnes

155 984 357 1033 Honent
379 984 612 1030 indecores
638 987 803 1044 nudato
828 984 998 1028 vertice
1023 980 1188 1026 trunci.

157 1064 342 1122 Quippe
367 1066 544 1124 pigrum
564 1079 666 1110 toto
686 1065 830 1109 fundit
849 1065 893 1108 se
918 1063 1085 1108 cortice
1108 1063 1247 1121 frigus
1263 1077 1283 1112 ·‚

158 1146 255 1189 Nec
278 1145 355 1189 via
380 1160 460 1202 per
484 1161 633 1190 ramos
657 1146 814 1191 nativo
839 1144 974 1189 libera
999 1145 1148 1188 succo.

158 1226 295 1270 Mota
319 1239 469 1271 autem
490 1229 622 1271 tellus
639 1260 653 1280 ‚
680 1228 725 1271 &
754 1227 907 1272 crebro
931 1226 1125 1269 exercita
1149 1227 1271 1269 cultu

160 1308 473 1365 Arboreosque
490 1306 617 1362 juvat
634 1306 812 1351 frutices
829 1339 843 1358 ‚
866 1307 911 1350 δι
930 1305 1140 1364 graminis
1159 1305 1335 1348 herbam
1358 1319 1372 1348 ε

160 1387 337 1431 Molliti
362 1389 440 1432 seu
463 1402 576 1432 caeca
601 1388 687 1433 soli
711 1387 947 1445 spiramina
970 1390 1091 1430 laxet

162 1467 328 1511 Affidui
352 1469 477 1512 labor
500 1469 719 1527 Agricolae
739 1501 754 1522 ,
779 1467 982 1524 terraque
1006 1467 1151 1511 soluta

164 1548 361 1593 Uberior
384 1549 547 1612 veniat-
563 1550 791 1592 nascentes
815 1549 979 1592 humor
1004 1548 1051 1591 in
1073 1547 1225 1592 herbas
1245 1563 1261 1597 3

164 1630 255 1673 Seu
277 1643 379 1687 quae
403 1642 521 1673 terra
544 1629 622 1673 diu
644 1642 771 1688 tergo
796 1629 893 1673 vim
918 1629 1101 1686 pertulit
1126 1628 1248 1673 aestfis
1269 1663 1282 1682 ‚

164 1709 308 1752 'Versa
327 1724 462 1754 manu
478 1743 492 1765 ‚
514 1724 635 1755 nova
652 1712 726 1755 det
745 1709 871 1755 fibris
890 1711 1098 1755 alimenta
1115 1743 1127 1762 ‚
1148 1711 1326 1769 supinas

167 1790 391 1835 Plurimus
414 1789 621 1847 inprimis
642 1792 789 1850 glebas
812 1791 845 1834 fi
868 1791 1005 1835 diluat
1027 1791 1184 1838 imber.

229 1873 349 1930 Ergo
371 1884 507 1916 vocet
530 1871 730 1929 pluviam
754 1872 877 1916 votis
894 1905 907 1925 ,
933 1874 1170 1931 durataque
1193 1874 1347 1919 Fofi‘or

166 1953 358 1999 'Affiduis
382 1954 519 1998 discat
544 1968 762 1999 renovare
786 1954 1033 1997 bidentibus
1059 1969 1164 1998 arva
1184 1970 1198 2004 3

171 2037 319 2093 Atque
342 2047 502 2092 putans
526 2033 671 2079 vitem
693 2036 810 2079 durae
836 2035 934 2091 post
957 2035 1121 2094 frigora
1141 2037 1313 2081 Brumae
1331 2069 1353 2091 ,v

174 2116 413 2162 Provideat
435 2128 620 2161 matrem
642 2130 699 2160 ne
723 2115 919 2174 germina
944 2118 1071 2172 plura
1094 2116 1294 2176 fatigent.

235 2197 284 2240 Si
311 2211 445 2254 quem
467 2197 596 2255 digna
617 2209 764 2242 manet
786 2196 933 2239 Lenaei
958 2196 1100 2254 gloria
1117 2229 1130 2250 ‚
1154 2199 1305 2242 lunam

174 2278 418 2328 Consulat;
446 2277 634 2336 agrestes
654 2278 907 2321 moderatur
931 2278 1036 2320 luna
1059 2278 1252 2324 labores.

174 2359 301 2403 Illius
330 2359 374 2402 δι
396 2358 525 2403 vario
551 2360 713 2416 pendet
739 2372 808 2401 res
835 2357 1009 2401 Rustica
1032 2361 1178 2402 vultu.

134 2493 139 2506 t
175 2438 224 2492 ‚V
227 2438 365 2484 itibus
389 2440 593 2484 exultans
616 2453 712 2499 quae
740 2437 848 2483 vitis
878 2438 1037 2484 inutile
1062 2439 1232 2498 lignum
