1482 2834
482 250 770 307 L‘I‘BER
833 245 962 304 IX.
1123 253 1126 257 ·
1225 257 1332 317 233

99 345 345 406 'Demetatg
373 351 417 396 &
439 351 582 409 prima
605 355 762 396 luxum
786 347 1036 408 compescat
1058 341 1108 389 in
1127 342 1279 388 herba.

103 434 223 478 Tum
244 435 393 493 digitis
412 447 572 478 terram
589 446 700 477 terat
717 448 731 484 3
758 433 803 476 &
821 446 918 489 quae
937 428 1116 488 peffima
1135 425 1302 470 circum

106 516 310 559 Nascitur
332 517 465 561 herba
484 549 497 570 ‚
523 496 657 561 manu
681 516 810 559 tollat
833 514 1041 570 ferroque
1065 507 1268 557 bicorni3

107 598 205 641 Nec
233 598 363 655 super
385 597 582 642 effundat
604 599 752 655 largos
777 594 1005 652 aspergine
1030 604 1184 635 rores:

107 677 411 737 Languentem
432 678 599 722 vitiant
618 677 814 736 lymphae
841 671 1285 733 contagizrfrondem.

166 760 365 818 Irriguos
390 759 558 818 peponi
581 758 646 801 fas
671 757 733 800 est
758 756 962 800 inducere
986 755 1135 799 fontes
1153 786 1167 807 ‚

101 841 271 885 ‘Donec
286 841 335 884 in
350 842 595 898 oblongum
610 838 806 883 tumidus
824 837 1103 895 grandescere
1118 842 1323 879 ventrem

108 921 297 979 Incipiat
322 920 465 965 :dein
492 922 536 965 δι
562 920 652 964 fitis
674 953 687 973 ‚
715 918 939 976 aestivique
968 918 1136 961 calores
1187 976 1194 980 ,

75 1058 82 1063 .
109 1003 234 1046 Dant
245 1002 455 1059 pretium,
468 1014 617 1045 tamen
629 1002 857 1045 exsuccam
870 1000 1129 1044 miserabere
1140 998 1351 1055 plantam',

114 1083 164 1128 Si
191 1096 355 1143 coquat
380 1096 552 1128 arentes
579 1084 728 1128 insana
754 1083 950 1127 canicula
980 1082 1141 1140 glebas.

114 1166 201 1209 Sed
212 1180 320 1209 cave
334 1180 390 1209 ne
402 1166 586 1209 fluidum
598 1180 717 1224 pepo
729 1165 895 1209 cortice
911 1163 1133 1208 combibat
1144 1160 1327 1204 imbrem
1336 1173 1352 1206 ε

31 1299 33 1307 x
115 1246 286 1304 Tegula
310 1246 540 1301 subjicitur
557 1280 569 1301 ,
596 1247 737 1290 solem
763 1261 858 1303 quae
885 1245 995 1288 ficca
1019 1243 1238 1286 reflexum

31 1363 33 1378 ς
117 1329 320 1385 Augeat,
352 1329 396 1371 &
421 1341 547 1371 terrae
575 1327 732 1371 nocuis
763 1325 979 1371 afflatibus
1010 1324 1169 1369 obstet.

179 1408 327 1451 Duxit
350 1408 427 1451 ubi
453 1422 636 1451 croceos
661 1407 791 1464 pellis
818 1406 978 1464 rugosa
1001 1408 1177 1449 colores
1194 1437 1210 1459 ,

114 1487 304 1547 Jamque
329 1488 559 1533 reliCturus
580 1490 775 1546 plantam
799 1488 1047 1544 dirumpere
1074 1488 1240 1531 collum

118 1571 290 1616 Nititur
306 1571 401 1628 ipse
417 1585 568 1629 pepo⁴3
589 1572 776 1614 cultrum
794 1549 994 1626 suppone
1011 1602 1023 1622 ‚
1043 1567 1301 1626 priusquam

120 1654 320 1698 Marceat
338 1686 350 1706 ,
381 1647 425 1696 δ’(
450 1652 579 1696 terris
605 1652 827 1709 putrescat
853 1650 1010 1695 inutile
1036 1653 1229 1708 pondus·

120 1736 254 1780 Hunc
270 1733 411 1792 legito
427 1733 506 1792 qui
520 1735 642 1778 mole
658 1733 806 1793 gravis
824 1767 837 1787 ‚
858 1745 959 1777 cute
975 1734 1106 1777 durus
1125 1767 1136 1787 ‚
1156 1733 1199 1775 &
1214 1737 1324 1776 auro

123 1816 357 1860 Concolor
382 1814 443 1859 est
463 1848 476 1867 ,
503 1814 716 1873 gustuque
743 1814 875 1858 refert
900 1814 943 1857 &
970 1815 1108 1858 odore
1133 1814 1335 1872 Lyaeum.

119 1899 229 1943 Non
255 1897 341 1940 alia
363 1896 425 1941 est
449 1896 645 1940 cucumis
673 1897 840 1940 cultura
866 1911 878 1939 ε
907 1894 1129 1939 cucurbita
1158 1894 1266 1938 coeli

124 1977 335 2025 Difficilis
359 1978 532 2036 patiens
557 1976 704 2021 minus
731 1977 791 2021 est
818 1976 1014 2021 obnoxia
1039 1991 1169 2021 curae.

189 2063 359 2104 Caetera
384 2074 481 2117 quae
506 2058 658 2117 paffim
683 2059 920 2102 nascuntur
947 2058 1142 2100 oluscula
1159 2090 1170 2111 ‚
1197 2057 1328 2101 versu

128 2134 253 2198 Quid
265 2154 509 2185 memorem
522 2140 583 2185 .>fi
595 2139 771 2199 pinguis
786 2155 887 2198 ager
898 2173 910 2192 ,
929 2139 960 2182 fi
971 2139 1163 2196 plurima
1173 2140 1370 2198 lymphae

125 2223 305 2280 Copia3
334 2237 428 2266 non
453 2235 625 2280 tempus
643 2254 658 2277 ,
686 2236 780 2266 non
807 2220 1037 2278 disciplina
1061 2221 1232 2266 serendi

129 2304 358 2358 Quaeritur
381 2305 471 2347 ulla
496 2319 509 2348 t
537 2303 615 2347 fibi
641 2305 772 2347 tellus
800 2303 862 2346 nil
890 2303 1038 2361 indiga
1068 2302 1203 2347 nostri

135 2384 304 2432 Sufficit
320 2417 332 2438 ‚
358 2396 407 2427 ut
429 2382 548 2443 larga
574 2382 684 2427 ditet
709 2385 910 2427 mercede
937 2386 1167 2430 colonum.

192 2467 331 2526 Fraga
349 2478 523 2526 tamen,
537 2464 727 2513 cinaram
735 2480 819 2526 quc
833 2465 957 2521 juvat
973 2481 1184 2527 purgare,
1201 2468 1379 2513 revulsa
