1500 2886
489 247 535 303 L
557 260 590 304 l
615 246 660 304 Β
690 259 732 302 ε
758 260 802 302 a
844 245 894 302 I.
1011 244 1013 246 ·
1209 249 1318 317 ις’

51 348 106 391 Et
123 361 412 406 quaecumque
426 349 600 405 placent
618 346 759 391 oculis
776 379 790 400 ,
810 355 1094 404 quaecumque
1109 355 1286 400 rapaces

54 429 257 472 Invitant
281 433 335 474 ad
357 431 473 474 furta
495 444 667 473 manus.
692 424 934 486 Aquilonis
960 427 1012 469 ab'
1037 438 1140 469 ortu
1162 423 1164 425 ’
1300 419 1309 426 ”

56 510 179 554 Silva
204 524 349 556 truces
373 512 544 569 frangat
567 522 730 553 ventos
744 541 759 562 ,
790 507 1022 565 &frigora
1049 507 1179 548 tollat

59 593 329 637 Umbriferis
355 607 453 651 quae
477 590 633 634 deinde
660 587 804 632 comis
828 577 1215 634 aestatesfedonev,

60 674 208 731 Atque
226 674 394 718 hiemes
409 674 562 716 ‘eadem
581 671 831 728 nimiosque
850 679 1111 725 attemperet
1126 665 1265 710 aestuS.
1299 671 1303 678 ’

63 755 256 797 Humida
280 752 411 797 vallis
439 754 538 796 olus
555 784 569 805 ‚
597 751 780 795 vivaces
805 749 934 792 collis
959 747 1104 791 olivas

63 835 258 879 Educet:
280 833 329 876 in
346 835 480 890 plano
499 834 575 876 vel
594 831 775 875 fluctuet
795 843 972 887 aequore
995 827 1136 872 meffis
1154 843 1170 877 3

67 916 157 959 Vel
180 917 320 972 longo
343 915 527 958 fundant
551 914 596 956 se
620 924 744 969 prata
767 910 960 955 virentia
983 909 1139 953 tractu.

69 996 190 1040 Hinc
207 997 362 1052 procul
381 994 600 1051 affui-gant
617 993 736 1037 vites
749 1026 763 1046 ‚
784 992 1024 1049 oculosque
1043 1000 1272 1033 morentur

72 1078 343 1133 Camporum
367 1090 446 1133 per
470 1086 619 1132 aperta
636 1059 794 1133 vagos.
812 1075 938 1129 Quot
952 1071 1103 1130 iugera
1117 1084 1244 1128 prato
1258 1103 1272 1123 ,

71 1157 200 1212 Quot
215 1157 354 1215 segeti
372 1156 491 1201 dabis
508 1189 521 1211 ‚
542 1170 617 1200 aut
633 1156 746 1200 oleis
765 1184 778 1206 ‚
796 1157 871 1200 vel
889 1154 1055 1199 vitibus
1075 1152 1201 1196 almis
1218 1184 1232 1205 ‚

72 1240 142 1281 Ex
168 1253 303 1295 opera
329 1239 557 1295 redituque
581 1237 706 1280 fimul
730 1235 917 1289 metire,
936 1233 1077 1277 labori

78 1322 370 1377 Componens
389 1318 553 1363 fructus
572 1333 587 1368 ;
611 1318 655 1360 &
673 1329 822 1360 tecum
841 1313 988 1359 mente
1007 1317 1248 1358 revolvens

80 1401 250 1455 Quanti
272 1399 525 1444 vendideris
542 1431 555 1452 ,
580 1411 674 1440 non
692 1409 903 1455 quantum
929 1396 1168 1438 innascitur
1187 1409 1311 1452 agro.

145 1482 258 1536 Quae
278 1480 415 1524 cereri
431 1479 530 1523 visa
548 1478 608 1522 est
626 1479 786 1521 humus
805 1489 1028 1534 oportuna
1045 1477 1234 1520 serendae
1299 1489 1301 1492 ’

82 1565 207 1619 Saepe
227 1561 340 1605 redit
358 1559 560 1603 manibus
578 1559 789 1604 versanda
811 1573 826 1608 ;
844 1558 1044 1614 datasque
1063 1558 1295 1614 reposcens

81 1644 262 1698 Mutuat
287 1642 336 1687 in
363 1642 512 1685 semen
535 1640 681 1699 fruges
699 1673 712 1694 ,
732 1653 875 1697 neque
899 1638 1066 1696 perfida
1085 1634 1275 1696 pactam>
1318 1638 1320 1640 ’

84 1724 260 1768 Liberat
278 1723 415 1779 usque
434 1720 601 1771 fidem'3
621 1721 697 1765 seu
715 1720 914 1764 meffibus
934 1720 1074 1764 obfuit
1093 1735 1232 1764 annus

89 1803 260 1847 Siccior
286 1815 361 1846 aut
385 1802 564 1859 pluvius
585 1818 600 1852 ·,
623 1801 787 1846 steriles
811 1802 887 1845 seu
916 1801 1029 1845 fudit
1053 1815 1214 1845 avenas

87 1886 371 1929 infoecundus
396 1897 498 1941 ager
523 1899 538 1933 ·,
564 1882 712 1926 sraelis
738 1883 814 1926 seu
838 1883 1046 1940 grandine
1071 1883 1233 1928 culmis

91 1965 334 2011 Procubuit
351 1997 364 2017 ,
390 1962 580 2006 fluxisve
605 1964 727 2020 seges
752 1962 869 2006 stetit
893 1963 1011 2007 arida
1037 1963 1200 2020 granis.

111 2107 114 2109 -
155 2046 412 2103 Sumptibus
437 2044 532 2102 ipsa
557 2044 660 2087 suos
684 2043 906 2087 interdum
928 2044 1061 2086 vinea
1085 2043 1249 2088 fruc'tus

95 2131 300 2174 Devorat
320 2142 332 2170 t
354 2127 526 2169 incerto
545 2139 727 2183 quoque
745 2125 843 2168 casu
861 2126 1022 2181 pendet
1041 2125 1164 2168 oliva
1181 2140 1195 2173 ·,

96 2211 150 2254 Et
181 2220 430 2266 quanquam
456 2205 580 2249 tenui
609 2205 699 2248 sese
727 2204 939 2247 laetiffima
967 2207 1087 2247 cultu

99 2290 318 2335 Sustineat
335 2320 349 2341 ,
377 2299 524 2331 tamen
548 2286 593 2329 ὃ(
620 2285 759 2343 glacie
785 2284 1009 2329 sterilescit
1037 2286 1081 2328 &
1105 2285 1238 2335 aestu3

100 2372 165 2415 Ac
191 2369 360 2413 nebulis
386 2367 472 2411 flos
499 2380 606 2411 vere
635 2380 759 2410 novo
787 2366 1015 2410 contactus
1045 2367 1211 2424 iniquis

102 2451 327 2498 Emotitur
345 2483 358 2507 ‚
383 2447 579 2508 tristique
603 2447 747 2493 solum
770 2447 881 2507 tegit
908 2461 1042 2496 omne
1066 2448 1211 2494 tulna.
