<?xml version="1.0" encoding="UTF-8"?>
<!DOCTYPE html PUBLIC "-//W3C//DTD XHTML 1.0 Transitional//EN"
    "http://www.w3.org/TR/xhtml1/DTD/xhtml1-transitional.dtd">
<html xmlns="http://www.w3.org/1999/xhtml" xml:lang="en" lang="en">
 <head>
  <title>
</title>
<meta http-equiv="Content-Type" content="text/html;charset=utf-8" />
  <meta name='ocr-system' content='tesseract 3.04.00' />
  <meta name='ocr-capabilities' content='ocr_page ocr_carea ocr_par ocr_line ocrx_word'/>
</head>
<body>
  <div class='ocr_page' id='page_1' title='image "./praediumrusticum00vaniuoft_0178.png"; bbox 0 0 1500 2834; ppageno 0'>
   <div class='ocr_carea' id='block_1_1' title="bbox 100 158 1087 266">
    <p class='ocr_par' dir='ltr' id='par_1_1' title="bbox 100 158 1087 266">
     <span class='ocr_line' id='line_1_1' title="bbox 100 158 1087 266; baseline -0.003 -25"><span class='ocrx_word' id='word_1_1' title='bbox 100 166 213 266; x_wconf 32' lang='lat'>1⁵54</span> <span class='ocrx_word' id='word_1_2' title='bbox 333 158 1087 241; x_wconf 68' lang='lat' dir='ltr'>PRAEDHRUsrzct</span> 
     </span>
    </p>
   </div>
   <div class='ocr_carea' id='block_1_2' title="bbox 88 284 1345 2464">
    <p class='ocr_par' dir='ltr' id='par_1_2' title="bbox 88 284 1340 506">
     <span class='ocr_line' id='line_1_2' title="bbox 90 284 1303 340; baseline 0.002 -11"><span class='ocrx_word' id='word_1_3' title='bbox 90 285 332 329; x_wconf 81' lang='lat' dir='ltr'>Arboribus</span> <span class='ocrx_word' id='word_1_4' title='bbox 351 317 365 338; x_wconf 88' lang='lat'>‚</span> <span class='ocrx_word' id='word_1_5' title='bbox 393 284 563 328; x_wconf 84' lang='lat' dir='ltr'>frondis</span> <span class='ocrx_word' id='word_1_6' title='bbox 591 296 777 329; x_wconf 87' lang='lat' dir='ltr'>revocat</span> <span class='ocrx_word' id='word_1_7' title='bbox 804 284 1039 328; x_wconf 83' lang='lat' dir='ltr'>viridantis</span> <span class='ocrx_word' id='word_1_8' title='bbox 1066 284 1303 340; x_wconf 64' lang='lat' dir='ltr'>honorum</span> 
     </span>
     <span class='ocr_line' id='line_1_3' title="bbox 153 365 1258 424; baseline 0.001 -16"><span class='ocrx_word' id='word_1_9' title='bbox 153 367 238 410; x_wconf 88' lang='lat' dir='ltr'>Sed</span> <span class='ocrx_word' id='word_1_10' title='bbox 263 367 384 409; x_wconf 89' lang='lat' dir='ltr'>nulla</span> <span class='ocrx_word' id='word_1_11' title='bbox 405 365 466 410; x_wconf 90' lang='lat' dir='ltr'>est</span> <span class='ocrx_word' id='word_1_12' title='bbox 492 365 645 410; x_wconf 86' lang='lat' dir='ltr'>hausto</span> <span class='ocrx_word' id='word_1_13' title='bbox 664 365 818 424; x_wconf 91' lang='lat' dir='ltr'>potior</span> <span class='ocrx_word' id='word_1_14' title='bbox 835 365 1056 410; x_wconf 87' lang='lat' dir='ltr'>medicina</span> <span class='ocrx_word' id='word_1_15' title='bbox 1081 366 1221 424; x_wconf 83' lang='lat' dir='ltr'>Lyaeo</span> <span class='ocrx_word' id='word_1_16' title='bbox 1241 381 1258 417; x_wconf 67' lang='grc' dir='ltr'><strong>ς</strong></span> 
     </span>
     <span class='ocr_line' id='line_1_4' title="bbox 88 446 1340 506; baseline 0.001 -16"><span class='ocrx_word' id='word_1_17' title='bbox 88 446 236 490; x_wconf 63' lang='lat' dir='ltr'>&#39;Arbor</span> <span class='ocrx_word' id='word_1_18' title='bbox 253 446 374 490; x_wconf 88' lang='lat' dir='ltr'>enim</span> <span class='ocrx_word' id='word_1_19' title='bbox 392 448 589 505; x_wconf 70' lang='lat' dir='ltr'>lymphae</span> <span class='ocrx_word' id='word_1_20' title='bbox 615 448 773 505; x_wconf 87' lang='lat' dir='ltr'>potrix</span> <span class='ocrx_word' id='word_1_21' title='bbox 790 481 803 502; x_wconf 91' lang='lat'>,</span> <span class='ocrx_word' id='word_1_22' title='bbox 831 448 1098 493; x_wconf 86' lang='lat' dir='ltr'>moribunda</span> <span class='ocrx_word' id='word_1_23' title='bbox 1117 446 1340 506; x_wconf 82' lang='lat' dir='ltr'>resurgit,&#39;</span> 
     </span>
    </p>

    <p class='ocr_par' dir='ltr' id='par_1_3' title="bbox 91 526 1345 2464">
     <span class='ocr_line' id='line_1_5' title="bbox 91 526 1125 589; baseline 0.005 -18"><span class='ocrx_word' id='word_1_24' title='bbox 91 526 312 585; x_wconf 85' lang='lat' dir='ltr'>Vitigeno</span> <span class='ocrx_word' id='word_1_25' title='bbox 336 540 477 572; x_wconf 89' lang='lat' dir='ltr'>mutet</span> <span class='ocrx_word' id='word_1_26' title='bbox 503 529 536 573; x_wconf 89' lang='lat' dir='ltr'><strong>fi</strong></span> <span class='ocrx_word' id='word_1_27' title='bbox 565 529 751 573; x_wconf 85' lang='lat' dir='ltr'>flumina</span> <span class='ocrx_word' id='word_1_28' title='bbox 776 533 909 575; x_wconf 85' lang='lat' dir='ltr'>cruda</span> <span class='ocrx_word' id='word_1_29' title='bbox 933 531 1125 589; x_wconf 89' lang='lat' dir='ltr'>liquore.</span> 
     </span>
     <span class='ocr_line' id='line_1_6' title="bbox 91 610 1310 671; baseline 0.002 -19"><span class='ocrx_word' id='word_1_30' title='bbox 91 610 209 653; x_wconf 87' lang='lat' dir='ltr'>Ante</span> <span class='ocrx_word' id='word_1_31' title='bbox 238 610 343 654; x_wconf 85' lang='lat' dir='ltr'>alias</span> <span class='ocrx_word' id='word_1_32' title='bbox 363 644 376 663; x_wconf 95' lang='lat'>‚</span> <span class='ocrx_word' id='word_1_33' title='bbox 403 610 479 654; x_wconf 90' lang='lat' dir='ltr'>ubi</span> <span class='ocrx_word' id='word_1_34' title='bbox 505 613 685 671; x_wconf 87' lang='lat' dir='ltr'>languet</span> <span class='ocrx_word' id='word_1_35' title='bbox 711 611 904 658; x_wconf 71' lang='lat' dir='ltr'>iners&amp;</span> <span class='ocrx_word' id='word_1_36' title='bbox 930 613 1092 670; x_wconf 86' lang='lat' dir='ltr'>pallida</span> <span class='ocrx_word' id='word_1_37' title='bbox 1108 646 1122 667; x_wconf 86' lang='lat'>,</span> <span class='ocrx_word' id='word_1_38' title='bbox 1146 611 1310 656; x_wconf 83' lang='lat' dir='ltr'>vinum</span> 
     </span>
     <span class='ocr_line' id='line_1_7' title="bbox 93 689 1188 749; baseline 0.003 -15"><span class='ocrx_word' id='word_1_39' title='bbox 93 689 143 734; x_wconf 85' lang='lat' dir='ltr'>Si</span> <span class='ocrx_word' id='word_1_40' title='bbox 167 691 325 735; x_wconf 87' lang='lat' dir='ltr'>biberit</span> <span class='ocrx_word' id='word_1_41' title='bbox 351 693 553 749; x_wconf 83' lang='lat' dir='ltr'>platanus</span> <span class='ocrx_word' id='word_1_42' title='bbox 569 725 583 747; x_wconf 88' lang='lat'>‚</span> <span class='ocrx_word' id='word_1_43' title='bbox 603 692 725 738; x_wconf 87' lang='lat' dir='ltr'>vires</span> <span class='ocrx_word' id='word_1_44' title='bbox 750 694 950 738; x_wconf 84' lang='lat' dir='ltr'>animosa</span> <span class='ocrx_word' id='word_1_45' title='bbox 974 694 1158 738; x_wconf 85' lang='lat' dir='ltr'>resumit</span> <span class='ocrx_word' id='word_1_46' title='bbox 1173 725 1188 747; x_wconf 90' lang='lat'>‚</span> 
     </span>
     <span class='ocr_line' id='line_1_8' title="bbox 95 772 1301 830; baseline 0.002 -15"><span class='ocrx_word' id='word_1_47' title='bbox 95 772 378 830; x_wconf 88' lang='lat' dir='ltr'>Epotumque</span> <span class='ocrx_word' id='word_1_48' title='bbox 405 786 577 818; x_wconf 87' lang='lat' dir='ltr'>merum</span> <span class='ocrx_word' id='word_1_49' title='bbox 601 774 823 820; x_wconf 85' lang='lat' dir='ltr'>viridante</span> <span class='ocrx_word' id='word_1_50' title='bbox 851 787 1103 820; x_wconf 87' lang='lat' dir='ltr'>remunerat</span> <span class='ocrx_word' id='word_1_51' title='bbox 1126 773 1301 819; x_wconf 60' lang='lat' dir='ltr'>umbra.</span> 
     </span>
     <span class='ocr_line' id='line_1_9' title="bbox 156 854 1342 915; baseline 0 -17"><span class='ocrx_word' id='word_1_52' title='bbox 156 854 318 899; x_wconf 81' lang='lat' dir='ltr'>Parcus</span> <span class='ocrx_word' id='word_1_53' title='bbox 345 869 485 912; x_wconf 89' lang='lat' dir='ltr'>opum</span> <span class='ocrx_word' id='word_1_54' title='bbox 509 854 703 913; x_wconf 88' lang='lat' dir='ltr'>pretiosa</span> <span class='ocrx_word' id='word_1_55' title='bbox 730 857 865 901; x_wconf 89' lang='lat' dir='ltr'>nimis</span> <span class='ocrx_word' id='word_1_56' title='bbox 890 856 969 915; x_wconf 90' lang='lat' dir='ltr'>qui</span> <span class='ocrx_word' id='word_1_57' title='bbox 998 856 1106 901; x_wconf 81' lang='lat' dir='ltr'>vina</span> <span class='ocrx_word' id='word_1_58' title='bbox 1130 854 1342 900; x_wconf 86' lang='lat' dir='ltr'>fovendis</span> 
     </span>
     <span class='ocr_line' id='line_1_10' title="bbox 93 935 1345 996; baseline 0 -16"><span class='ocrx_word' id='word_1_59' title='bbox 93 935 341 981; x_wconf 77' lang='lat' dir='ltr'>&#39;Arboribus</span> <span class='ocrx_word' id='word_1_60' title='bbox 365 948 496 996; x_wconf 89' lang='lat' dir='ltr'>negat</span> <span class='ocrx_word' id='word_1_61' title='bbox 520 949 618 981; x_wconf 89' lang='lat' dir='ltr'>orta</span> <span class='ocrx_word' id='word_1_62' title='bbox 643 953 659 987; x_wconf 90' lang='lat'>·,</span> <span class='ocrx_word' id='word_1_63' title='bbox 685 937 765 982; x_wconf 90' lang='lat' dir='ltr'>suo</span> <span class='ocrx_word' id='word_1_64' title='bbox 790 951 924 995; x_wconf 87' lang='lat' dir='ltr'>quam</span> <span class='ocrx_word' id='word_1_65' title='bbox 951 938 1148 994; x_wconf 87' lang='lat' dir='ltr'>pondere</span> <span class='ocrx_word' id='word_1_66' title='bbox 1174 935 1345 994; x_wconf 78' lang='lat' dir='ltr'>press‘us</span> 
     </span>
     <span class='ocr_line' id='line_1_11' title="bbox 97 1017 1220 1082; baseline 0 -21"><span class='ocrx_word' id='word_1_67' title='bbox 97 1017 244 1062; x_wconf 89' lang='lat' dir='ltr'>Dives</span> <span class='ocrx_word' id='word_1_68' title='bbox 273 1017 498 1061; x_wconf 85' lang='lat' dir='ltr'>olivarum</span> <span class='ocrx_word' id='word_1_69' title='bbox 527 1017 728 1061; x_wconf 88' lang='lat' dir='ltr'>cumulus</span> <span class='ocrx_word' id='word_1_70' title='bbox 759 1018 937 1060; x_wconf 86' lang='lat' dir='ltr'>desudat</span> <span class='ocrx_word' id='word_1_71' title='bbox 949 1049 968 1082; x_wconf 74' lang='lat'>,⁹</span> <span class='ocrx_word' id='word_1_72' title='bbox 996 1031 1220 1062; x_wconf 87' lang='lat' dir='ltr'>amurcam</span> 
     </span>
     <span class='ocr_line' id='line_1_12' title="bbox 106 1096 1255 1158; baseline 0.002 -17"><span class='ocrx_word' id='word_1_73' title='bbox 106 1098 326 1155; x_wconf 87' lang='lat' dir='ltr'>Stirpibus</span> <span class='ocrx_word' id='word_1_74' title='bbox 358 1096 554 1142; x_wconf 85' lang='lat' dir='ltr'>affundet</span> <span class='ocrx_word' id='word_1_75' title='bbox 576 1113 591 1148; x_wconf 80' lang='lat'>3</span> <span class='ocrx_word' id='word_1_76' title='bbox 619 1099 695 1142; x_wconf 84' lang='lat' dir='ltr'>vel</span> <span class='ocrx_word' id='word_1_77' title='bbox 722 1112 813 1156; x_wconf 88' lang='lat' dir='ltr'>quo</span> <span class='ocrx_word' id='word_1_78' title='bbox 842 1098 1099 1156; x_wconf 66' lang='lat' dir='ltr'>praesentius</span> <span class='ocrx_word' id='word_1_79' title='bbox 1125 1099 1255 1158; x_wconf 80' lang='lat' dir='ltr'>aegris</span> 
     </span>
     <span class='ocr_line' id='line_1_13' title="bbox 103 1180 1278 1238; baseline 0 -14"><span class='ocrx_word' id='word_1_80' title='bbox 103 1180 339 1224; x_wconf 87' lang='lat' dir='ltr'>Auxilium</span> <span class='ocrx_word' id='word_1_81' title='bbox 368 1192 560 1238; x_wconf 81' lang='lat' dir='ltr'>nequeat</span> <span class='ocrx_word' id='word_1_82' title='bbox 588 1181 690 1224; x_wconf 88' lang='lat' dir='ltr'>dare</span> <span class='ocrx_word' id='word_1_83' title='bbox 720 1180 883 1237; x_wconf 85' lang='lat' dir='ltr'>plantis</span> <span class='ocrx_word' id='word_1_84' title='bbox 900 1213 913 1233; x_wconf 89' lang='lat'>‚</span> <span class='ocrx_word' id='word_1_85' title='bbox 940 1195 1040 1224; x_wconf 87' lang='lat' dir='ltr'>rure</span> <span class='ocrx_word' id='word_1_86' title='bbox 1065 1180 1278 1238; x_wconf 81' lang='lat' dir='ltr'>domique</span> 
     </span>
     <span class='ocr_line' id='line_1_14' title="bbox 106 1261 1241 1320; baseline -0.001 -14"><span class='ocrx_word' id='word_1_87' title='bbox 106 1262 290 1306; x_wconf 80' lang='lat' dir='ltr'>Sordida</span> <span class='ocrx_word' id='word_1_88' title='bbox 312 1276 498 1320; x_wconf 85' lang='lat' dir='ltr'>quaeque</span> <span class='ocrx_word' id='word_1_89' title='bbox 522 1261 611 1320; x_wconf 92' lang='lat' dir='ltr'>legi</span> <span class='ocrx_word' id='word_1_90' title='bbox 634 1261 781 1316; x_wconf 79' lang='lat' dir='ltr'>iubeat</span> <span class='ocrx_word' id='word_1_91' title='bbox 804 1262 892 1305; x_wconf 87' lang='lat' dir='ltr'>sale</span> <span class='ocrx_word' id='word_1_92' title='bbox 922 1263 1050 1319; x_wconf 90' lang='lat' dir='ltr'>plena</span> <span class='ocrx_word' id='word_1_93' title='bbox 1076 1262 1208 1306; x_wconf 81' lang='lat' dir='ltr'>feraci</span> <span class='ocrx_word' id='word_1_94' title='bbox 1227 1294 1241 1315; x_wconf 88' lang='lat'>‚</span> 
     </span>
     <span class='ocr_line' id='line_1_15' title="bbox 106 1342 1326 1401; baseline 0 -15"><span class='ocrx_word' id='word_1_95' title='bbox 106 1343 268 1398; x_wconf 83' lang='lat' dir='ltr'>Qualia</span> <span class='ocrx_word' id='word_1_96' title='bbox 290 1344 390 1387; x_wconf 87' lang='lat' dir='ltr'>sunt</span> <span class='ocrx_word' id='word_1_97' title='bbox 408 1343 539 1386; x_wconf 87' lang='lat' dir='ltr'>soleae</span> <span class='ocrx_word' id='word_1_98' title='bbox 564 1355 742 1387; x_wconf 80' lang='lat' dir='ltr'>veteres</span> <span class='ocrx_word' id='word_1_99' title='bbox 759 1375 774 1398; x_wconf 91' lang='lat'>‚</span> <span class='ocrx_word' id='word_1_100' title='bbox 796 1343 840 1387; x_wconf 91' lang='lat'>&amp;</span> <span class='ocrx_word' id='word_1_101' title='bbox 866 1342 1080 1401; x_wconf 87' lang='lat' dir='ltr'>quidquid</span> <span class='ocrx_word' id='word_1_102' title='bbox 1094 1356 1326 1401; x_wconf 43' lang='lat' dir='ltr'>‘equorum</span> 
     </span>
     <span class='ocr_line' id='line_1_16' title="bbox 108 1422 1169 1483; baseline -0.002 -15"><span class='ocrx_word' id='word_1_103' title='bbox 108 1427 300 1468; x_wconf 88' lang='lat' dir='ltr'>Curator</span> <span class='ocrx_word' id='word_1_104' title='bbox 324 1424 490 1468; x_wconf 83' lang='lat' dir='ltr'>resecat</span> <span class='ocrx_word' id='word_1_105' title='bbox 515 1423 700 1468; x_wconf 86' lang='lat' dir='ltr'>summis</span> <span class='ocrx_word' id='word_1_106' title='bbox 724 1438 784 1467; x_wconf 87' lang='lat' dir='ltr'>ex</span> <span class='ocrx_word' id='word_1_107' title='bbox 807 1423 1024 1483; x_wconf 86' lang='lat' dir='ltr'>unguibus</span> <span class='ocrx_word' id='word_1_108' title='bbox 1042 1456 1056 1477; x_wconf 90' lang='lat'>,</span> <span class='ocrx_word' id='word_1_109' title='bbox 1078 1422 1169 1467; x_wconf 84' lang='lat' dir='ltr'>offa</span> 
     </span>
     <span class='ocr_line' id='line_1_17' title="bbox 104 1506 1285 1572; baseline -0.001 -22"><span class='ocrx_word' id='word_1_110' title='bbox 104 1507 230 1572; x_wconf 63' lang='lat' dir='ltr'>ssrita</span> <span class='ocrx_word' id='word_1_111' title='bbox 254 1506 511 1550; x_wconf 86' lang='lat' dir='ltr'>minutatim</span> <span class='ocrx_word' id='word_1_112' title='bbox 529 1539 542 1560; x_wconf 86' lang='lat'>‚</span> <span class='ocrx_word' id='word_1_113' title='bbox 562 1508 736 1563; x_wconf 83' lang='lat' dir='ltr'>plumas</span> <span class='ocrx_word' id='word_1_114' title='bbox 756 1506 1036 1564; x_wconf 82' lang='lat' dir='ltr'>spoliumque</span> <span class='ocrx_word' id='word_1_115' title='bbox 1062 1508 1251 1550; x_wconf 83' lang='lat' dir='ltr'>ferarum</span> <span class='ocrx_word' id='word_1_116' title='bbox 1270 1539 1285 1559; x_wconf 87' lang='lat'><em>‚</em></span> 
     </span>
     <span class='ocr_line' id='line_1_18' title="bbox 104 1587 1285 1646; baseline -0.002 -14"><span class='ocrx_word' id='word_1_117' title='bbox 104 1589 252 1646; x_wconf 84' lang='lat' dir='ltr'>Atque</span> <span class='ocrx_word' id='word_1_118' title='bbox 282 1587 589 1632; x_wconf 85' lang='lat' dir='ltr'>columbinum</span> <span class='ocrx_word' id='word_1_119' title='bbox 619 1587 779 1632; x_wconf 90' lang='lat' dir='ltr'>stercus</span> <span class='ocrx_word' id='word_1_120' title='bbox 796 1621 809 1642; x_wconf 91' lang='lat'>‚</span> <span class='ocrx_word' id='word_1_121' title='bbox 838 1588 1093 1645; x_wconf 88' lang='lat' dir='ltr'>cineresque</span> <span class='ocrx_word' id='word_1_122' title='bbox 1123 1587 1285 1630; x_wconf 85' lang='lat' dir='ltr'>marini</span> 
     </span>
     <span class='ocr_line' id='line_1_19' title="bbox 104 1669 1290 1729; baseline -0.002 -14"><span class='ocrx_word' id='word_1_123' title='bbox 104 1672 241 1715; x_wconf 88' lang='lat' dir='ltr'>Roris</span> <span class='ocrx_word' id='word_1_124' title='bbox 261 1687 276 1721; x_wconf 78' lang='lat'><em>3</em></span> <span class='ocrx_word' id='word_1_125' title='bbox 299 1673 343 1715; x_wconf 89' lang='lat'>&amp;</span> <span class='ocrx_word' id='word_1_126' title='bbox 362 1671 410 1715; x_wconf 89' lang='lat' dir='ltr'>in</span> <span class='ocrx_word' id='word_1_127' title='bbox 438 1672 623 1729; x_wconf 87' lang='lat' dir='ltr'>grandes</span> <span class='ocrx_word' id='word_1_128' title='bbox 646 1671 742 1715; x_wconf 83' lang='lat' dir='ltr'>haec</span> <span class='ocrx_word' id='word_1_129' title='bbox 762 1670 932 1729; x_wconf 85' lang='lat' dir='ltr'>ingerat</span> <span class='ocrx_word' id='word_1_130' title='bbox 952 1669 1107 1714; x_wconf 81' lang='lat' dir='ltr'>omnia</span> <span class='ocrx_word' id='word_1_131' title='bbox 1123 1682 1257 1727; x_wconf 87' lang='lat' dir='ltr'>cupas</span> <span class='ocrx_word' id='word_1_132' title='bbox 1273 1699 1290 1724; x_wconf 88' lang='lat'>,</span> 
     </span>
     <span class='ocr_line' id='line_1_20' title="bbox 112 1752 1098 1809; baseline 0.001 -13"><span class='ocrx_word' id='word_1_133' title='bbox 112 1754 179 1796; x_wconf 90' lang='lat' dir='ltr'>Ac</span> <span class='ocrx_word' id='word_1_134' title='bbox 203 1753 397 1797; x_wconf 86' lang='lat' dir='ltr'>demersa</span> <span class='ocrx_word' id='word_1_135' title='bbox 424 1753 498 1796; x_wconf 92' lang='lat' dir='ltr'>diu</span> <span class='ocrx_word' id='word_1_136' title='bbox 524 1752 713 1809; x_wconf 87' lang='lat' dir='ltr'>pluviali</span> <span class='ocrx_word' id='word_1_137' title='bbox 743 1765 937 1796; x_wconf 86' lang='lat' dir='ltr'>maceret</span> <span class='ocrx_word' id='word_1_138' title='bbox 963 1752 1098 1797; x_wconf 66' lang='lat' dir='ltr'>unda.</span> 
     </span>
     <span class='ocr_line' id='line_1_21' title="bbox 108 1833 1111 1893; baseline -0.002 -15"><span class='ocrx_word' id='word_1_139' title='bbox 108 1835 242 1893; x_wconf 84' lang='lat' dir='ltr'>AEgra</span> <span class='ocrx_word' id='word_1_140' title='bbox 268 1833 493 1878; x_wconf 84' lang='lat' dir='ltr'>salutifero</span> <span class='ocrx_word' id='word_1_141' title='bbox 524 1845 636 1891; x_wconf 88' lang='lat' dir='ltr'>potu</span> <span class='ocrx_word' id='word_1_142' title='bbox 661 1833 927 1877; x_wconf 88' lang='lat' dir='ltr'>recreabitur</span> <span class='ocrx_word' id='word_1_143' title='bbox 949 1834 1111 1883; x_wconf 87' lang='lat' dir='ltr'>arbot·‚</span> 
     </span>
     <span class='ocr_line' id='line_1_22' title="bbox 110 1913 1214 1973; baseline 0.001 -15"><span class='ocrx_word' id='word_1_144' title='bbox 110 1915 257 1959; x_wconf 74' lang='lat' dir='ltr'>Altius</span> <span class='ocrx_word' id='word_1_145' title='bbox 287 1913 504 1973; x_wconf 80' lang='lat' dir='ltr'>affurgent</span> <span class='ocrx_word' id='word_1_146' title='bbox 531 1914 709 1964; x_wconf 79' lang='lat' dir='ltr'>herbae3</span> <span class='ocrx_word' id='word_1_147' title='bbox 735 1913 980 1972; x_wconf 90' lang='lat' dir='ltr'>meliusque</span> <span class='ocrx_word' id='word_1_148' title='bbox 1011 1915 1214 1959; x_wconf 87' lang='lat' dir='ltr'>nitebunt</span> 
     </span>
     <span class='ocr_line' id='line_1_23' title="bbox 109 1994 1234 2054; baseline 0 -14"><span class='ocrx_word' id='word_1_149' title='bbox 109 1996 322 2054; x_wconf 85' lang='lat' dir='ltr'>Purperei</span> <span class='ocrx_word' id='word_1_150' title='bbox 350 1996 484 2040; x_wconf 92' lang='lat' dir='ltr'>flores</span> <span class='ocrx_word' id='word_1_151' title='bbox 514 2011 526 2039; x_wconf 72' lang='grc' dir='ltr'>ε</span> <span class='ocrx_word' id='word_1_152' title='bbox 555 2006 684 2052; x_wconf 87' lang='lat' dir='ltr'>caput</span> <span class='ocrx_word' id='word_1_153' title='bbox 710 1994 759 2038; x_wconf 91' lang='lat' dir='ltr'>in</span> <span class='ocrx_word' id='word_1_154' title='bbox 788 1996 984 2040; x_wconf 89' lang='lat' dir='ltr'>deforme</span> <span class='ocrx_word' id='word_1_155' title='bbox 1009 2007 1234 2041; x_wconf 82' lang='lat' dir='ltr'>tumentes</span> 
     </span>
     <span class='ocr_line' id='line_1_24' title="bbox 108 2077 1249 2135; baseline -0.002 -13"><span class='ocrx_word' id='word_1_156' title='bbox 108 2079 209 2122; x_wconf 87' lang='lat' dir='ltr'>Vix</span> <span class='ocrx_word' id='word_1_157' title='bbox 233 2079 372 2123; x_wconf 85' lang='lat' dir='ltr'>olitor</span> <span class='ocrx_word' id='word_1_158' title='bbox 401 2092 529 2135; x_wconf 89' lang='lat' dir='ltr'>cepas</span> <span class='ocrx_word' id='word_1_159' title='bbox 555 2077 762 2135; x_wconf 90' lang='lat' dir='ltr'>agnoscet</span> <span class='ocrx_word' id='word_1_160' title='bbox 778 2109 791 2131; x_wconf 88' lang='lat'>‚</span> <span class='ocrx_word' id='word_1_161' title='bbox 825 2077 869 2120; x_wconf 89' lang='lat'>&amp;</span> <span class='ocrx_word' id='word_1_162' title='bbox 902 2077 1002 2121; x_wconf 88' lang='lat' dir='ltr'>allia</span> <span class='ocrx_word' id='word_1_163' title='bbox 1019 2110 1031 2130; x_wconf 89' lang='lat'>,</span> <span class='ocrx_word' id='word_1_164' title='bbox 1059 2090 1249 2135; x_wconf 84' lang='lat' dir='ltr'>quaeque</span> 
     </span>
     <span class='ocr_line' id='line_1_25' title="bbox 109 2157 1202 2218; baseline -0.001 -13"><span class='ocrx_word' id='word_1_165' title='bbox 109 2163 282 2205; x_wconf 81' lang='lat' dir='ltr'>Caetera</span> <span class='ocrx_word' id='word_1_166' title='bbox 305 2159 492 2207; x_wconf 57' lang='lat' dir='ltr'>nitratis¹</span> <span class='ocrx_word' id='word_1_167' title='bbox 510 2157 740 2218; x_wconf 87' lang='lat' dir='ltr'>continget</span> <span class='ocrx_word' id='word_1_168' title='bbox 766 2159 961 2202; x_wconf 88' lang='lat' dir='ltr'>oluscula</span> <span class='ocrx_word' id='word_1_169' title='bbox 984 2159 1202 2217; x_wconf 83' lang='lat' dir='ltr'>lymphis.</span> 
     </span>
     <span class='ocr_line' id='line_1_26' title="bbox 109 2239 1324 2299; baseline 0 -15"><span class='ocrx_word' id='word_1_170' title='bbox 109 2243 164 2286; x_wconf 87' lang='lat' dir='ltr'>In</span> <span class='ocrx_word' id='word_1_171' title='bbox 183 2240 303 2285; x_wconf 87' lang='lat' dir='ltr'>nitro</span> <span class='ocrx_word' id='word_1_172' title='bbox 325 2239 398 2285; x_wconf 84' lang='lat' dir='ltr'>vis</span> <span class='ocrx_word' id='word_1_173' title='bbox 426 2240 575 2285; x_wconf 89' lang='lat' dir='ltr'>omnis</span> <span class='ocrx_word' id='word_1_174' title='bbox 601 2240 728 2284; x_wconf 87' lang='lat' dir='ltr'>humi</span> <span class='ocrx_word' id='word_1_175' title='bbox 753 2240 814 2284; x_wconf 88' lang='lat' dir='ltr'>est</span> <span class='ocrx_word' id='word_1_176' title='bbox 844 2256 857 2291; x_wconf 86' lang='lat'>;</span> <span class='ocrx_word' id='word_1_177' title='bbox 885 2242 1092 2299; x_wconf 85' lang='lat' dir='ltr'>nullaque</span> <span class='ocrx_word' id='word_1_178' title='bbox 1119 2251 1324 2299; x_wconf 83' lang='lat' dir='ltr'>gravatur</span> 
     </span>
     <span class='ocr_line' id='line_1_27' title="bbox 109 2322 1142 2380; baseline -0.003 -11"><span class='ocrx_word' id='word_1_179' title='bbox 109 2322 355 2369; x_wconf 82' lang='lat' dir='ltr'>Fertilitate</span> <span class='ocrx_word' id='word_1_180' title='bbox 371 2353 385 2376; x_wconf 88' lang='lat'>‚</span> <span class='ocrx_word' id='word_1_181' title='bbox 412 2323 522 2368; x_wconf 88' lang='lat' dir='ltr'>sales</span> <span class='ocrx_word' id='word_1_182' title='bbox 550 2322 583 2366; x_wconf 88' lang='lat' dir='ltr'><strong>fi</strong></span> <span class='ocrx_word' id='word_1_183' title='bbox 613 2337 727 2380; x_wconf 90' lang='lat' dir='ltr'>quos</span> <span class='ocrx_word' id='word_1_184' title='bbox 754 2322 940 2366; x_wconf 87' lang='lat' dir='ltr'>absumit</span> <span class='ocrx_word' id='word_1_185' title='bbox 956 2355 969 2377; x_wconf 75' lang='lat'><em>,</em></span> <span class='ocrx_word' id='word_1_186' title='bbox 999 2322 1142 2367; x_wconf 66' lang='lat' dir='ltr'>amica</span> 
     </span>
     <span class='ocr_line' id='line_1_28' title="bbox 115 2401 1321 2464; baseline -0.002 -14"><span class='ocrx_word' id='word_1_187' title='bbox 115 2405 331 2451; x_wconf 85' lang='lat' dir='ltr'>Restituas</span> <span class='ocrx_word' id='word_1_188' title='bbox 347 2418 436 2464; x_wconf 81' lang='lat' dir='ltr'>ope</span> <span class='ocrx_word' id='word_1_189' title='bbox 455 2420 468 2451; x_wconf 77' lang='lat' dir='ltr'>z</span> <span class='ocrx_word' id='word_1_190' title='bbox 489 2419 587 2463; x_wconf 82' lang='lat' dir='ltr'>quae</span> <span class='ocrx_word' id='word_1_191' title='bbox 604 2404 719 2450; x_wconf 75' lang='lat' dir='ltr'>ruris</span> <span class='ocrx_word' id='word_1_192' title='bbox 738 2403 848 2449; x_wconf 81' lang='lat' dir='ltr'>mihi</span> <span class='ocrx_word' id='word_1_193' title='bbox 867 2405 1034 2449; x_wconf 88' lang='lat' dir='ltr'>summa</span> <span class='ocrx_word' id='word_1_194' title='bbox 1049 2402 1223 2451; x_wconf 83' lang='lat' dir='ltr'>colendi</span> <span class='ocrx_word' id='word_1_195' title='bbox 1242 2401 1321 2447; x_wconf 84' lang='lat' dir='ltr'>est.</span> 
     </span>
    </p>
   </div>
  </div>
 </body>
</html>
