<?xml version="1.0" encoding="UTF-8"?>
<!DOCTYPE html PUBLIC "-//W3C//DTD XHTML 1.0 Transitional//EN"
    "http://www.w3.org/TR/xhtml1/DTD/xhtml1-transitional.dtd">
<html xmlns="http://www.w3.org/1999/xhtml" xml:lang="en" lang="en">
 <head>
  <title>
</title>
<meta http-equiv="Content-Type" content="text/html;charset=utf-8" />
  <meta name='ocr-system' content='tesseract 3.04.00' />
  <meta name='ocr-capabilities' content='ocr_page ocr_carea ocr_par ocr_line ocrx_word'/>
</head>
<body>
  <div class='ocr_page' id='page_1' title='image "./praediumrusticum00vaniuoft_0269.png"; bbox 0 0 1482 2834; ppageno 0'>
   <div class='ocr_carea' id='block_1_1' title="bbox 131 249 1386 2505">
    <p class='ocr_par' dir='ltr' id='par_1_1' title="bbox 131 249 1386 2505">
     <span class='ocr_line' id='line_1_1' title="bbox 538 249 1377 332; baseline -0.007 -19"><span class='ocrx_word' id='word_1_1' title='bbox 538 249 583 314; x_wconf 77' lang='lat' dir='ltr'><strong>Z</strong></span> <span class='ocrx_word' id='word_1_2' title='bbox 606 270 637 312; x_wconf 85' lang='lat'><strong><em>1</em></strong></span> <span class='ocrx_word' id='word_1_3' title='bbox 665 259 708 312; x_wconf 79' lang='grc' dir='ltr'>’Β</span> <span class='ocrx_word' id='word_1_4' title='bbox 735 269 777 312; x_wconf 73' lang='grc' dir='ltr'><em>Ε</em></span> <span class='ocrx_word' id='word_1_5' title='bbox 801 259 847 310; x_wconf 71' lang='lat' dir='ltr'>&#39;R</span> <span class='ocrx_word' id='word_1_6' title='bbox 892 249 976 309; x_wconf 86' lang='lat' dir='ltr'>X.</span> <span class='ocrx_word' id='word_1_7' title='bbox 1257 252 1377 332; x_wconf 67' lang='lat'>&#39;245</span> 
     </span>
     <span class='ocr_line' id='line_1_2' title="bbox 141 346 1265 415; baseline -0.002 -18"><span class='ocrx_word' id='word_1_8' title='bbox 141 347 320 397; x_wconf 77' lang='lat' dir='ltr'>Serviat</span> <span class='ocrx_word' id='word_1_9' title='bbox 341 346 537 400; x_wconf 66' lang='lat' dir='ltr'>Humano</span> <span class='ocrx_word' id='word_1_10' title='bbox 563 356 713 415; x_wconf 84' lang='lat' dir='ltr'>generi</span> <span class='ocrx_word' id='word_1_11' title='bbox 728 389 742 411; x_wconf 87' lang='lat'>‚</span> <span class='ocrx_word' id='word_1_12' title='bbox 773 370 854 400; x_wconf 89' lang='lat' dir='ltr'>nec</span> <span class='ocrx_word' id='word_1_13' title='bbox 882 354 1027 399; x_wconf 84' lang='lat' dir='ltr'>rursus</span> <span class='ocrx_word' id='word_1_14' title='bbox 1052 350 1101 396; x_wconf 86' lang='lat' dir='ltr'>in</span> <span class='ocrx_word' id='word_1_15' title='bbox 1126 353 1265 396; x_wconf 83' lang='lat' dir='ltr'>altum</span> 
     </span>
     <span class='ocr_line' id='line_1_3' title="bbox 143 433 1301 495; baseline -0.004 -15"><span class='ocrx_word' id='word_1_16' title='bbox 143 433 281 480; x_wconf 82' lang='lat' dir='ltr'>Poffit</span> <span class='ocrx_word' id='word_1_17' title='bbox 298 468 312 488; x_wconf 83' lang='lat'><strong>‚</strong></span> <span class='ocrx_word' id='word_1_18' title='bbox 341 437 479 481; x_wconf 87' lang='lat' dir='ltr'>humo</span> <span class='ocrx_word' id='word_1_19' title='bbox 505 437 649 482; x_wconf 84' lang='lat' dir='ltr'>defixa</span> <span class='ocrx_word' id='word_1_20' title='bbox 675 439 807 495; x_wconf 86' lang='lat' dir='ltr'>pedes</span> <span class='ocrx_word' id='word_1_21' title='bbox 824 469 838 489; x_wconf 87' lang='lat'>,</span> <span class='ocrx_word' id='word_1_22' title='bbox 864 436 908 479; x_wconf 88' lang='lat' dir='ltr'>se</span> <span class='ocrx_word' id='word_1_23' title='bbox 933 436 1092 480; x_wconf 86' lang='lat' dir='ltr'>tollere</span> <span class='ocrx_word' id='word_1_24' title='bbox 1117 433 1301 477; x_wconf 84' lang='lat' dir='ltr'>coelum.</span> 
     </span>
     <span class='ocr_line' id='line_1_4' title="bbox 145 513 1295 575; baseline 0.001 -18"><span class='ocrx_word' id='word_1_25' title='bbox 145 513 356 559; x_wconf 86' lang='lat' dir='ltr'>Protinus</span> <span class='ocrx_word' id='word_1_26' title='bbox 384 518 586 561; x_wconf 75' lang='lat' dir='ltr'>Enceladi</span> <span class='ocrx_word' id='word_1_27' title='bbox 612 519 664 562; x_wconf 91' lang='lat' dir='ltr'>de</span> <span class='ocrx_word' id='word_1_28' title='bbox 688 531 877 575; x_wconf 88' lang='lat' dir='ltr'>corpore</span> <span class='ocrx_word' id='word_1_29' title='bbox 901 515 1090 560; x_wconf 87' lang='lat' dir='ltr'>nascitur</span> <span class='ocrx_word' id='word_1_30' title='bbox 1112 517 1259 559; x_wconf 82' lang='lat' dir='ltr'>ulmus</span> <span class='ocrx_word' id='word_1_31' title='bbox 1279 529 1295 558; x_wconf 70' lang='grc' dir='ltr'>ι</span> 
     </span>
     <span class='ocr_line' id='line_1_5' title="bbox 144 595 1222 656; baseline -0.001 -16"><span class='ocrx_word' id='word_1_32' title='bbox 144 595 180 640; x_wconf 79' lang='lat' dir='ltr'>F</span> <span class='ocrx_word' id='word_1_33' title='bbox 185 597 265 654; x_wconf 87' lang='lat' dir='ltr'>igit</span> <span class='ocrx_word' id='word_1_34' title='bbox 288 612 396 656; x_wconf 85' lang='lat' dir='ltr'>agro</span> <span class='ocrx_word' id='word_1_35' title='bbox 422 601 589 655; x_wconf 80' lang='lat' dir='ltr'>plantas</span> <span class='ocrx_word' id='word_1_36' title='bbox 615 597 815 642; x_wconf 87' lang='lat' dir='ltr'>Briareus</span> <span class='ocrx_word' id='word_1_37' title='bbox 842 615 853 642; x_wconf 89' lang='lat'>:</span> <span class='ocrx_word' id='word_1_38' title='bbox 880 597 1079 655; x_wconf 88' lang='lat' dir='ltr'>rugofior</span> <span class='ocrx_word' id='word_1_39' title='bbox 1102 609 1222 640; x_wconf 84' lang='lat' dir='ltr'>artus</span> 
     </span>
     <span class='ocr_line' id='line_1_6' title="bbox 144 671 1323 735; baseline 0.001 -15"><span class='ocrx_word' id='word_1_40' title='bbox 144 677 360 735; x_wconf 85' lang='lat' dir='ltr'>Contegit</span> <span class='ocrx_word' id='word_1_41' title='bbox 384 680 582 722; x_wconf 82' lang='lat' dir='ltr'>e!umbos</span> <span class='ocrx_word' id='word_1_42' title='bbox 610 692 766 722; x_wconf 85' lang='lat' dir='ltr'>cortex</span> <span class='ocrx_word' id='word_1_43' title='bbox 786 695 799 723; x_wconf 78' lang='lat' dir='ltr'><strong><em>z</em></strong></span> <span class='ocrx_word' id='word_1_44' title='bbox 826 690 937 735; x_wconf 90' lang='lat' dir='ltr'>quot</span> <span class='ocrx_word' id='word_1_45' title='bbox 960 671 1135 721; x_wconf 45' lang='lat' dir='ltr'>brachia</span> <span class='ocrx_word' id='word_1_46' title='bbox 1157 677 1323 721; x_wconf 86' lang='lat' dir='ltr'>bellum</span> 
     </span>
     <span class='ocr_line' id='line_1_7' title="bbox 141 756 1292 817; baseline 0.003 -18"><span class='ocrx_word' id='word_1_47' title='bbox 141 756 387 801; x_wconf 85' lang='lat' dir='ltr'>Intulerant</span> <span class='ocrx_word' id='word_1_48' title='bbox 402 791 417 812; x_wconf 88' lang='lat'>,</span> <span class='ocrx_word' id='word_1_49' title='bbox 442 759 629 802; x_wconf 87' lang='lat' dir='ltr'>totidem</span> <span class='ocrx_word' id='word_1_50' title='bbox 654 771 813 816; x_wconf 89' lang='lat' dir='ltr'>repunt</span> <span class='ocrx_word' id='word_1_51' title='bbox 834 759 1078 808; x_wconf 84' lang='lat' dir='ltr'>sarmenta;</span> <span class='ocrx_word' id='word_1_52' title='bbox 1100 757 1292 817; x_wconf 83' lang='lat' dir='ltr'>jugalem</span> 
     </span>
     <span class='ocr_line' id='line_1_8' title="bbox 147 838 1386 899; baseline 0.004 -19"><span class='ocrx_word' id='word_1_53' title='bbox 147 838 289 892; x_wconf 86' lang='lat' dir='ltr'>Queis</span> <span class='ocrx_word' id='word_1_54' title='bbox 305 839 447 881; x_wconf 79' lang='lat' dir='ltr'>veluti</span> <span class='ocrx_word' id='word_1_55' title='bbox 460 840 658 883; x_wconf 87' lang='lat' dir='ltr'>manibus</span> <span class='ocrx_word' id='word_1_56' title='bbox 669 840 882 899; x_wconf 87' lang='lat' dir='ltr'>stringens</span> <span class='ocrx_word' id='word_1_57' title='bbox 895 840 1173 897; x_wconf 60' lang='lat' dir='ltr'>amplectitur</span> <span class='ocrx_word' id='word_1_58' title='bbox 1186 843 1386 896; x_wconf 83' lang='lat' dir='ltr'>ulmum,&#39;</span> 
     </span>
     <span class='ocr_line' id='line_1_9' title="bbox 146 918 1280 979; baseline 0.004 -17"><span class='ocrx_word' id='word_1_59' title='bbox 146 918 428 978; x_wconf 79' lang='lat' dir='ltr'>Erigiturque</span> <span class='ocrx_word' id='word_1_60' title='bbox 453 921 583 972; x_wconf 78' lang='lat' dir='ltr'>solo3</span> <span class='ocrx_word' id='word_1_61' title='bbox 608 922 868 979; x_wconf 82' lang='lat' dir='ltr'>ramosaque</span> <span class='ocrx_word' id='word_1_62' title='bbox 892 921 1067 965; x_wconf 86' lang='lat' dir='ltr'>brachia</span> <span class='ocrx_word' id='word_1_63' title='bbox 1086 920 1249 976; x_wconf 60' lang='lat' dir='ltr'>jactans</span> <span class='ocrx_word' id='word_1_64' title='bbox 1265 954 1280 975; x_wconf 82' lang='lat'>‚</span> 
     </span>
     <span class='ocr_line' id='line_1_10' title="bbox 147 1001 1226 1059; baseline 0.004 -17"><span class='ocrx_word' id='word_1_65' title='bbox 147 1001 278 1043; x_wconf 79' lang='lat' dir='ltr'>Nunc</span> <span class='ocrx_word' id='word_1_66' title='bbox 305 1015 484 1059; x_wconf 86' lang='lat' dir='ltr'>quoque</span> <span class='ocrx_word' id='word_1_67' title='bbox 511 1002 693 1046; x_wconf 88' lang='lat' dir='ltr'>fidereas</span> <span class='ocrx_word' id='word_1_68' title='bbox 718 1001 889 1046; x_wconf 65' lang='lat' dir='ltr'>affec&#39;tat</span> <span class='ocrx_word' id='word_1_69' title='bbox 913 1001 1047 1046; x_wconf 87' lang='lat' dir='ltr'>vinea</span> <span class='ocrx_word' id='word_1_70' title='bbox 1072 1002 1192 1046; x_wconf 89' lang='lat' dir='ltr'>sedes</span> <span class='ocrx_word' id='word_1_71' title='bbox 1212 1034 1226 1055; x_wconf 90' lang='lat'>,</span> 
     </span>
     <span class='ocr_line' id='line_1_11' title="bbox 147 1080 1280 1140; baseline 0.004 -18"><span class='ocrx_word' id='word_1_72' title='bbox 147 1080 294 1137; x_wconf 81' lang='lat' dir='ltr'>Atque</span> <span class='ocrx_word' id='word_1_73' title='bbox 321 1080 558 1140; x_wconf 85' lang='lat' dir='ltr'>Gigantaeo</span> <span class='ocrx_word' id='word_1_74' title='bbox 584 1083 636 1126; x_wconf 88' lang='lat' dir='ltr'>de</span> <span class='ocrx_word' id='word_1_75' title='bbox 663 1081 872 1139; x_wconf 85' lang='lat' dir='ltr'>sanguine</span> <span class='ocrx_word' id='word_1_76' title='bbox 899 1094 1000 1125; x_wconf 90' lang='lat' dir='ltr'>nata</span> <span class='ocrx_word' id='word_1_77' title='bbox 1017 1115 1031 1134; x_wconf 83' lang='lat'>‚</span> <span class='ocrx_word' id='word_1_78' title='bbox 1057 1081 1280 1139; x_wconf 83' lang='lat' dir='ltr'>liquorem</span> 
     </span>
     <span class='ocr_line' id='line_1_12' title="bbox 152 1162 1258 1220; baseline 0.003 -16"><span class='ocrx_word' id='word_1_79' title='bbox 152 1162 450 1220; x_wconf 87' lang='lat' dir='ltr'>Sanguineum</span> <span class='ocrx_word' id='word_1_80' title='bbox 474 1163 646 1212; x_wconf 87' lang='lat' dir='ltr'>fundit·,</span> <span class='ocrx_word' id='word_1_81' title='bbox 672 1175 886 1219; x_wconf 87' lang='lat' dir='ltr'>motoque</span> <span class='ocrx_word' id='word_1_82' title='bbox 910 1162 1111 1207; x_wconf 83' lang='lat' dir='ltr'>laceffere</span> <span class='ocrx_word' id='word_1_83' title='bbox 1136 1165 1258 1207; x_wconf 83' lang='lat' dir='ltr'>bello</span> 
     </span>
     <span class='ocr_line' id='line_1_13' title="bbox 154 1242 1266 1300; baseline 0.002 -14"><span class='ocrx_word' id='word_1_84' title='bbox 154 1242 202 1286; x_wconf 90' lang='lat' dir='ltr'>Si</span> <span class='ocrx_word' id='word_1_85' title='bbox 230 1255 417 1300; x_wconf 88' lang='lat' dir='ltr'>nequeat</span> <span class='ocrx_word' id='word_1_86' title='bbox 442 1244 634 1300; x_wconf 84' lang='lat' dir='ltr'>Superos</span> <span class='ocrx_word' id='word_1_87' title='bbox 653 1276 666 1296; x_wconf 83' lang='lat'>,</span> <span class='ocrx_word' id='word_1_88' title='bbox 696 1242 868 1300; x_wconf 83' lang='lat' dir='ltr'>cyathis</span> <span class='ocrx_word' id='word_1_89' title='bbox 894 1243 1096 1286; x_wconf 85' lang='lat' dir='ltr'>mortalia</span> <span class='ocrx_word' id='word_1_90' title='bbox 1122 1243 1266 1300; x_wconf 87' lang='lat' dir='ltr'>plenis</span> 
     </span>
     <span class='ocr_line' id='line_1_14' title="bbox 155 1323 1331 1381; baseline 0.003 -15"><span class='ocrx_word' id='word_1_91' title='bbox 155 1325 357 1380; x_wconf 83' lang='lat' dir='ltr'>Corpora</span> <span class='ocrx_word' id='word_1_92' title='bbox 374 1323 524 1367; x_wconf 84' lang='lat' dir='ltr'>sternit</span> <span class='ocrx_word' id='word_1_93' title='bbox 538 1323 688 1368; x_wconf 81' lang='lat' dir='ltr'>humi:</span> <span class='ocrx_word' id='word_1_94' title='bbox 708 1337 813 1381; x_wconf 87' lang='lat' dir='ltr'>quas</span> <span class='ocrx_word' id='word_1_95' title='bbox 829 1323 1003 1368; x_wconf 84' lang='lat' dir='ltr'>foverat</span> <span class='ocrx_word' id='word_1_96' title='bbox 1016 1355 1029 1376; x_wconf 89' lang='lat'>,</span> <span class='ocrx_word' id='word_1_97' title='bbox 1045 1323 1161 1367; x_wconf 88' lang='lat' dir='ltr'>addit</span> <span class='ocrx_word' id='word_1_98' title='bbox 1178 1324 1331 1369; x_wconf 85' lang='lat' dir='ltr'>inanes</span> 
     </span>
     <span class='ocr_line' id='line_1_15' title="bbox 154 1393 1328 1463; baseline 0.003 -16"><span class='ocrx_word' id='word_1_99' title='bbox 154 1405 265 1461; x_wconf 85' lang='lat' dir='ltr'>Spes</span> <span class='ocrx_word' id='word_1_100' title='bbox 281 1404 440 1447; x_wconf 88' lang='lat' dir='ltr'>animis</span> <span class='ocrx_word' id='word_1_101' title='bbox 458 1437 472 1458; x_wconf 84' lang='lat'>‚</span> <span class='ocrx_word' id='word_1_102' title='bbox 492 1404 697 1463; x_wconf 88' lang='lat' dir='ltr'>ipsosque</span> <span class='ocrx_word' id='word_1_103' title='bbox 714 1405 846 1448; x_wconf 87' lang='lat' dir='ltr'>docet</span> <span class='ocrx_word' id='word_1_104' title='bbox 862 1393 1144 1449; x_wconf 86' lang='lat' dir='ltr'>contemnere</span> <span class='ocrx_word' id='word_1_105' title='bbox 1160 1406 1328 1451; x_wconf 86' lang='lat' dir='ltr'>Divos.</span> 
     </span>
     <span class='ocr_line' id='line_1_16' title="bbox 154 1485 1333 1542; baseline 0.003 -14"><span class='ocrx_word' id='word_1_106' title='bbox 154 1485 308 1540; x_wconf 86' lang='lat' dir='ltr'>Quum</span> <span class='ocrx_word' id='word_1_107' title='bbox 328 1498 454 1529; x_wconf 85' lang='lat' dir='ltr'>tonat</span> <span class='ocrx_word' id='word_1_108' title='bbox 468 1499 725 1542; x_wconf 86' lang='lat' dir='ltr'>‚expertum</span> <span class='ocrx_word' id='word_1_109' title='bbox 741 1486 882 1529; x_wconf 90' lang='lat' dir='ltr'>media</span> <span class='ocrx_word' id='word_1_110' title='bbox 898 1486 1013 1529; x_wconf 88' lang='lat' dir='ltr'>inter</span> <span class='ocrx_word' id='word_1_111' title='bbox 1028 1486 1146 1532; x_wconf 87' lang='lat' dir='ltr'>dolia</span> <span class='ocrx_word' id='word_1_112' title='bbox 1162 1488 1333 1532; x_wconf 84' lang='lat' dir='ltr'>fulmen</span> 
     </span>
     <span class='ocr_line' id='line_1_17' title="bbox 154 1567 1332 1624; baseline 0.004 -14"><span class='ocrx_word' id='word_1_113' title='bbox 154 1567 324 1610; x_wconf 82' lang='lat' dir='ltr'>Horret</span> <span class='ocrx_word' id='word_1_114' title='bbox 340 1567 477 1609; x_wconf 88' lang='lat' dir='ltr'>adhuc</span> <span class='ocrx_word' id='word_1_115' title='bbox 494 1599 514 1619; x_wconf 15' lang='lat' dir='ltr'>‚A</span> <span class='ocrx_word' id='word_1_116' title='bbox 525 1578 754 1624; x_wconf 84' lang='lat' dir='ltr'>mutatque</span> <span class='ocrx_word' id='word_1_117' title='bbox 771 1580 892 1611; x_wconf 88' lang='lat' dir='ltr'>metu</span> <span class='ocrx_word' id='word_1_118' title='bbox 909 1570 1098 1624; x_wconf 83' lang='lat' dir='ltr'>pallente</span> <span class='ocrx_word' id='word_1_119' title='bbox 1115 1571 1332 1616; x_wconf 83' lang='lat' dir='ltr'>colorem.</span> 
     </span>
     <span class='ocr_line' id='line_1_18' title="bbox 156 1646 1172 1706; baseline 0.006 -18"><span class='ocrx_word' id='word_1_120' title='bbox 156 1647 252 1701; x_wconf 84' lang='lat' dir='ltr'>Qui</span> <span class='ocrx_word' id='word_1_121' title='bbox 278 1646 355 1688; x_wconf 86' lang='lat' dir='ltr'>tali</span> <span class='ocrx_word' id='word_1_122' title='bbox 380 1659 565 1702; x_wconf 86' lang='lat' dir='ltr'>potuere</span> <span class='ocrx_word' id='word_1_123' title='bbox 590 1648 700 1691; x_wconf 83' lang='lat' dir='ltr'>satas</span> <span class='ocrx_word' id='word_1_124' title='bbox 724 1649 776 1691; x_wconf 88' lang='lat' dir='ltr'>ab</span> <span class='ocrx_word' id='word_1_125' title='bbox 802 1647 975 1706; x_wconf 83' lang='lat' dir='ltr'>origine</span> <span class='ocrx_word' id='word_1_126' title='bbox 1001 1651 1172 1706; x_wconf 85' lang='lat' dir='ltr'>plantas</span> 
     </span>
     <span class='ocr_line' id='line_1_19' title="bbox 158 1715 1339 1785; baseline 0.006 -14"><span class='ocrx_word' id='word_1_127' title='bbox 158 1728 345 1783; x_wconf 80' lang='lat' dir='ltr'>Fingere</span> <span class='ocrx_word' id='word_1_128' title='bbox 357 1758 371 1779; x_wconf 85' lang='lat'>,</span> <span class='ocrx_word' id='word_1_129' title='bbox 388 1727 495 1783; x_wconf 91' lang='lat' dir='ltr'>quid</span> <span class='ocrx_word' id='word_1_130' title='bbox 510 1727 669 1771; x_wconf 83' lang='lat' dir='ltr'>mirum</span> <span class='ocrx_word' id='word_1_131' title='bbox 685 1742 804 1772; x_wconf 79' lang='lat' dir='ltr'>nova</span> <span class='ocrx_word' id='word_1_132' title='bbox 821 1743 899 1785; x_wconf 87' lang='lat' dir='ltr'>per</span> <span class='ocrx_word' id='word_1_133' title='bbox 913 1732 1137 1774; x_wconf 86' lang='lat' dir='ltr'>mendacia</span> <span class='ocrx_word' id='word_1_134' title='bbox 1151 1715 1339 1779; x_wconf 70' lang='lat' dir='ltr'>Graecos</span> 
     </span>
     <span class='ocr_line' id='line_1_20' title="bbox 158 1805 1184 1869; baseline 0.007 -20"><span class='ocrx_word' id='word_1_135' title='bbox 158 1806 200 1848; x_wconf 79' lang='lat' dir='ltr'>A</span> <span class='ocrx_word' id='word_1_136' title='bbox 227 1805 407 1863; x_wconf 84' lang='lat' dir='ltr'>Superis</span> <span class='ocrx_word' id='word_1_137' title='bbox 433 1806 599 1850; x_wconf 85' lang='lat' dir='ltr'>duxifl&#39;e</span> <span class='ocrx_word' id='word_1_138' title='bbox 626 1808 712 1850; x_wconf 78' lang='lat' dir='ltr'>suae</span> <span class='ocrx_word' id='word_1_139' title='bbox 738 1807 979 1864; x_wconf 84' lang='lat' dir='ltr'>primordia</span> <span class='ocrx_word' id='word_1_140' title='bbox 1004 1812 1184 1869; x_wconf 83' lang='lat' dir='ltr'>gentis?</span> 
     </span>
     <span class='ocr_line' id='line_1_21' title="bbox 222 1887 1294 1946; baseline 0.008 -16"><span class='ocrx_word' id='word_1_141' title='bbox 222 1888 403 1932; x_wconf 88' lang='lat' dir='ltr'>Vitibus</span> <span class='ocrx_word' id='word_1_142' title='bbox 424 1902 509 1932; x_wconf 87' lang='lat' dir='ltr'>nna</span> <span class='ocrx_word' id='word_1_143' title='bbox 529 1887 635 1932; x_wconf 76' lang='lat' dir='ltr'>licet</span> <span class='ocrx_word' id='word_1_144' title='bbox 654 1888 819 1946; x_wconf 86' lang='lat' dir='ltr'>species</span> <span class='ocrx_word' id='word_1_145' title='bbox 837 1922 849 1942; x_wconf 89' lang='lat'>,</span> <span class='ocrx_word' id='word_1_146' title='bbox 875 1904 966 1934; x_wconf 92' lang='lat' dir='ltr'>non</span> <span class='ocrx_word' id='word_1_147' title='bbox 986 1892 1116 1935; x_wconf 85' lang='lat' dir='ltr'>unius</span> <span class='ocrx_word' id='word_1_148' title='bbox 1138 1907 1294 1940; x_wconf 88' lang='lat' dir='ltr'>omnes</span> 
     </span>
     <span class='ocr_line' id='line_1_22' title="bbox 131 1968 1271 2029; baseline 0.006 -19"><span class='ocrx_word' id='word_1_149' title='bbox 131 2004 142 2010; x_wconf 86' lang='lat'>-</span> <span class='ocrx_word' id='word_1_150' title='bbox 163 1969 285 2013; x_wconf 87' lang='lat' dir='ltr'>Vina</span> <span class='ocrx_word' id='word_1_151' title='bbox 314 1969 474 2012; x_wconf 87' lang='lat' dir='ltr'>dabunt</span> <span class='ocrx_word' id='word_1_152' title='bbox 499 1968 629 2026; x_wconf 85' lang='lat' dir='ltr'>pretii</span> <span class='ocrx_word' id='word_1_153' title='bbox 655 1985 668 2013; x_wconf 72' lang='grc' dir='ltr'><strong>ε</strong></span> <span class='ocrx_word' id='word_1_154' title='bbox 694 1970 855 2014; x_wconf 87' lang='lat' dir='ltr'>melior</span> <span class='ocrx_word' id='word_1_155' title='bbox 881 1972 933 2014; x_wconf 91' lang='lat' dir='ltr'>de</span> <span class='ocrx_word' id='word_1_156' title='bbox 961 1970 1055 2015; x_wconf 89' lang='lat' dir='ltr'>vite</span> <span class='ocrx_word' id='word_1_157' title='bbox 1081 1975 1235 2029; x_wconf 86' lang='lat' dir='ltr'>pedata</span> <span class='ocrx_word' id='word_1_158' title='bbox 1256 2006 1271 2028; x_wconf 92' lang='lat'>‚</span> 
     </span>
     <span class='ocr_line' id='line_1_23' title="bbox 156 2048 1369 2110; baseline 0.007 -18"><span class='ocrx_word' id='word_1_159' title='bbox 156 2048 266 2105; x_wconf 74' lang='lat' dir='ltr'>Quo</span> <span class='ocrx_word' id='word_1_160' title='bbox 293 2048 503 2106; x_wconf 73' lang='lat' dir='ltr'>propiore</span> <span class='ocrx_word' id='word_1_161' title='bbox 530 2049 628 2093; x_wconf 86' lang='lat' dir='ltr'>solo</span> <span class='ocrx_word' id='word_1_162' title='bbox 653 2049 813 2095; x_wconf 82' lang='lat' dir='ltr'>fruitur</span> <span class='ocrx_word' id='word_1_163' title='bbox 828 2082 841 2103; x_wconf 85' lang='lat'>‚</span> <span class='ocrx_word' id='word_1_164' title='bbox 865 2051 1090 2095; x_wconf 85' lang='lat' dir='ltr'>vindemia</span> <span class='ocrx_word' id='word_1_165' title='bbox 1114 2057 1276 2110; x_wconf 89' lang='lat' dir='ltr'>pendet</span> <span class='ocrx_word' id='word_1_166' title='bbox 1293 2071 1309 2101; x_wconf 71' lang='lat' dir='ltr'>z</span> <span class='ocrx_word' id='word_1_167' title='bbox 1367 2075 1369 2078; x_wconf 92' lang='lat'>·</span> 
     </span>
     <span class='ocr_line' id='line_1_24' title="bbox 162 2130 1258 2187; baseline 0.005 -12"><span class='ocrx_word' id='word_1_168' title='bbox 162 2130 359 2176; x_wconf 81' lang='lat' dir='ltr'>caudice</span> <span class='ocrx_word' id='word_1_169' title='bbox 386 2144 480 2187; x_wconf 77' lang='lat' dir='ltr'>quae</span> <span class='ocrx_word' id='word_1_170' title='bbox 506 2130 685 2175; x_wconf 83' lang='lat' dir='ltr'>brevior</span> <span class='ocrx_word' id='word_1_171' title='bbox 702 2164 714 2184; x_wconf 88' lang='lat'>,</span> <span class='ocrx_word' id='word_1_172' title='bbox 739 2143 865 2174; x_wconf 84' lang='lat' dir='ltr'>terrae</span> <span class='ocrx_word' id='word_1_173' title='bbox 891 2131 1041 2175; x_wconf 87' lang='lat' dir='ltr'>vicina</span> <span class='ocrx_word' id='word_1_174' title='bbox 1060 2165 1074 2187; x_wconf 88' lang='lat'>,</span> <span class='ocrx_word' id='word_1_175' title='bbox 1099 2133 1258 2181; x_wconf 81' lang='lat' dir='ltr'>reflexi</span> 
     </span>
     <span class='ocr_line' id='line_1_25' title="bbox 166 2210 1075 2274; baseline 0.004 -18"><span class='ocrx_word' id='word_1_176' title='bbox 166 2210 355 2256; x_wconf 77' lang='lat' dir='ltr'>Auxilio</span> <span class='ocrx_word' id='word_1_177' title='bbox 379 2210 484 2255; x_wconf 81' lang='lat' dir='ltr'>solis</span> <span class='ocrx_word' id='word_1_178' title='bbox 506 2211 677 2256; x_wconf 82' lang='lat' dir='ltr'>felicius</span> <span class='ocrx_word' id='word_1_179' title='bbox 703 2213 916 2271; x_wconf 86' lang='lat' dir='ltr'>excoquit</span> <span class='ocrx_word' id='word_1_180' title='bbox 935 2228 1075 2274; x_wconf 34' lang='lat' dir='ltr'>uvas.-</span> 
     </span>
     <span class='ocr_line' id='line_1_26' title="bbox 162 2292 1269 2348; baseline 0.005 -12"><span class='ocrx_word' id='word_1_181' title='bbox 162 2294 278 2348; x_wconf 80' lang='lat' dir='ltr'>Quae</span> <span class='ocrx_word' id='word_1_182' title='bbox 307 2293 475 2336; x_wconf 87' lang='lat' dir='ltr'>nubunt</span> <span class='ocrx_word' id='word_1_183' title='bbox 499 2292 630 2336; x_wconf 75' lang='lat' dir='ltr'>ulmis</span> <span class='ocrx_word' id='word_1_184' title='bbox 650 2325 664 2347; x_wconf 83' lang='lat'>‚</span> <span class='ocrx_word' id='word_1_185' title='bbox 688 2293 859 2337; x_wconf 89' lang='lat' dir='ltr'>Baccho</span> <span class='ocrx_word' id='word_1_186' title='bbox 883 2296 1061 2340; x_wconf 87' lang='lat' dir='ltr'>cellaria</span> <span class='ocrx_word' id='word_1_187' title='bbox 1086 2296 1269 2345; x_wconf 79' lang='lat' dir='ltr'>vincent</span> 
     </span>
     <span class='ocr_line' id='line_1_27' title="bbox 162 2372 1219 2435; baseline 0.004 -17"><span class='ocrx_word' id='word_1_188' title='bbox 162 2375 312 2418; x_wconf 84' lang='lat' dir='ltr'>Ubere</span> <span class='ocrx_word' id='word_1_189' title='bbox 329 2406 344 2427; x_wconf 86' lang='lat'>‚</span> <span class='ocrx_word' id='word_1_190' title='bbox 372 2373 444 2417; x_wconf 85' lang='lat' dir='ltr'>sed</span> <span class='ocrx_word' id='word_1_191' title='bbox 468 2372 578 2418; x_wconf 86' lang='lat' dir='ltr'>tristi</span> <span class='ocrx_word' id='word_1_192' title='bbox 604 2373 679 2432; x_wconf 88' lang='lat' dir='ltr'>qui</span> <span class='ocrx_word' id='word_1_193' title='bbox 707 2387 910 2432; x_wconf 86' lang='lat' dir='ltr'>torqueat</span> <span class='ocrx_word' id='word_1_194' title='bbox 935 2390 1012 2421; x_wconf 85' lang='lat' dir='ltr'>ora</span> <span class='ocrx_word' id='word_1_195' title='bbox 1037 2378 1219 2435; x_wconf 85' lang='lat' dir='ltr'>sapore:</span> 
     </span>
     <span class='ocr_line' id='line_1_28' title="bbox 164 2454 1291 2505; baseline 0.003 -3"><span class='ocrx_word' id='word_1_196' title='bbox 164 2456 310 2502; x_wconf 75' lang='lat' dir='ltr'>Arbor</span> <span class='ocrx_word' id='word_1_197' title='bbox 334 2454 456 2501; x_wconf 81' lang='lat' dir='ltr'>enim</span> <span class='ocrx_word' id='word_1_198' title='bbox 480 2454 621 2502; x_wconf 80' lang='lat' dir='ltr'>solem</span> <span class='ocrx_word' id='word_1_199' title='bbox 648 2454 725 2500; x_wconf 82' lang='lat' dir='ltr'>sub</span> <span class='ocrx_word' id='word_1_200' title='bbox 746 2456 902 2502; x_wconf 79' lang='lat' dir='ltr'>fronde</span> <span class='ocrx_word' id='word_1_201' title='bbox 927 2458 1161 2504; x_wconf 73' lang='lat' dir='ltr'>latentibus</span> <span class='ocrx_word' id='word_1_202' title='bbox 1186 2459 1291 2505; x_wconf 82' lang='lat' dir='ltr'>uvis</span> 
     </span>
    </p>
   </div>
   <div class='ocr_carea' id='block_1_2' title="bbox 1047 2536 1173 2597">
    <p class='ocr_par' dir='ltr' id='par_1_2' title="bbox 1047 2536 1173 2597">
     <span class='ocr_line' id='line_1_29' title="bbox 1047 2536 1173 2597; baseline -0.016 0"><span class='ocrx_word' id='word_1_203' title='bbox 1047 2539 1094 2597; x_wconf 76' lang='lat' dir='ltr'>Q</span> <span class='ocrx_word' id='word_1_204' title='bbox 1124 2536 1173 2595; x_wconf 73' lang='lat'>1³1</span> 
     </span>
    </p>
   </div>
  </div>
 </body>
</html>
