<?xml version="1.0" encoding="UTF-8"?>
<!DOCTYPE html PUBLIC "-//W3C//DTD XHTML 1.0 Transitional//EN"
    "http://www.w3.org/TR/xhtml1/DTD/xhtml1-transitional.dtd">
<html xmlns="http://www.w3.org/1999/xhtml" xml:lang="en" lang="en">
 <head>
  <title>
</title>
<meta http-equiv="Content-Type" content="text/html;charset=utf-8" />
  <meta name='ocr-system' content='tesseract 3.04.00' />
  <meta name='ocr-capabilities' content='ocr_page ocr_carea ocr_par ocr_line ocrx_word'/>
</head>
<body>
  <div class='ocr_page' id='page_1' title='image "./praediumrusticum00vaniuoft_0101.png"; bbox 0 0 1500 2886; ppageno 0'>
   <div class='ocr_carea' id='block_1_1' title="bbox 522 251 1380 326">
    <p class='ocr_par' dir='ltr' id='par_1_1' title="bbox 522 251 1380 326">
     <span class='ocr_line' id='line_1_1' title="bbox 522 251 1380 326; baseline -0.003 -16"><span class='ocrx_word' id='word_1_1' title='bbox 522 253 824 310; x_wconf 75' lang='lat' dir='ltr'><strong><em>LIBER</em></strong></span> <span class='ocrx_word' id='word_1_2' title='bbox 868 251 1008 310; x_wconf 89' lang='lat' dir='ltr'><strong><em>III.</em></strong></span> <span class='ocrx_word' id='word_1_3' title='bbox 1300 267 1380 326; x_wconf 83' lang='lat'>77</span> 
     </span>
    </p>
   </div>
   <div class='ocr_carea' id='block_1_2' title="bbox 128 349 1383 1382">
    <p class='ocr_par' dir='ltr' id='par_1_2' title="bbox 141 349 1222 494">
     <span class='ocr_line' id='line_1_2' title="bbox 141 349 1222 412; baseline -0.002 -14"><span class='ocrx_word' id='word_1_4' title='bbox 141 353 386 412; x_wconf 79' lang='lat' dir='ltr'>Irrequieta</span> <span class='ocrx_word' id='word_1_5' title='bbox 415 368 571 412; x_wconf 82' lang='lat' dir='ltr'>pamm</span> <span class='ocrx_word' id='word_1_6' title='bbox 597 368 752 399; x_wconf 84' lang='lat' dir='ltr'>curans</span> <span class='ocrx_word' id='word_1_7' title='bbox 774 353 1028 398; x_wconf 80' lang='lat' dir='ltr'>hortamina</span> <span class='ocrx_word' id='word_1_8' title='bbox 1053 349 1184 397; x_wconf 80' lang='lat' dir='ltr'>vocis</span> <span class='ocrx_word' id='word_1_9' title='bbox 1205 376 1222 404; x_wconf 59' lang='lat'>2</span> 
     </span>
     <span class='ocr_line' id='line_1_3' title="bbox 143 436 1118 494; baseline -0.001 -15"><span class='ocrx_word' id='word_1_10' title='bbox 143 436 424 494; x_wconf 65' lang='lat' dir='ltr'>Inflifikasque</span> <span class='ocrx_word' id='word_1_11' title='bbox 453 436 532 479; x_wconf 87' lang='lat' dir='ltr'>fibi</span> <span class='ocrx_word' id='word_1_12' title='bbox 560 436 732 480; x_wconf 88' lang='lat' dir='ltr'>nodoso</span> <span class='ocrx_word' id='word_1_13' title='bbox 760 437 920 479; x_wconf 81' lang='lat' dir='ltr'>robore</span> <span class='ocrx_word' id='word_1_14' title='bbox 950 437 1118 493; x_wconf 49' lang='lat' dir='ltr'>plagast</span> 
     </span>
    </p>

    <p class='ocr_par' dir='ltr' id='par_1_3' title="bbox 145 513 1383 897">
     <span class='ocr_line' id='line_1_4' title="bbox 206 513 1383 572; baseline -0.002 -12"><span class='ocrx_word' id='word_1_15' title='bbox 206 517 333 560; x_wconf 88' lang='lat' dir='ltr'>Mula</span> <span class='ocrx_word' id='word_1_16' title='bbox 344 515 648 568; x_wconf 66' lang='lat' dir='ltr'>Rufflenenfis,</span> <span class='ocrx_word' id='word_1_17' title='bbox 660 514 852 558; x_wconf 82' lang='lat' dir='ltr'>mixtum</span> <span class='ocrx_word' id='word_1_18' title='bbox 868 528 1023 572; x_wconf 81' lang='lat' dir='ltr'>genus,</span> <span class='ocrx_word' id='word_1_19' title='bbox 1034 526 1166 571; x_wconf 85' lang='lat' dir='ltr'>atque</span> <span class='ocrx_word' id='word_1_20' title='bbox 1179 513 1383 558; x_wconf 75' lang='lat' dir='ltr'>biformis</span> 
     </span>
     <span class='ocr_line' id='line_1_5' title="bbox 146 583 1351 654; baseline -0.001 -14"><span class='ocrx_word' id='word_1_21' title='bbox 146 597 387 654; x_wconf 85' lang='lat' dir='ltr'>Progenies</span> <span class='ocrx_word' id='word_1_22' title='bbox 404 629 419 650; x_wconf 84' lang='lat'>,</span> <span class='ocrx_word' id='word_1_23' title='bbox 448 598 501 640; x_wconf 87' lang='lat' dir='ltr'>ab</span> <span class='ocrx_word' id='word_1_24' title='bbox 525 608 716 652; x_wconf 86' lang='lat' dir='ltr'>utroque</span> <span class='ocrx_word' id='word_1_25' title='bbox 739 595 873 639; x_wconf 85' lang='lat' dir='ltr'>refert</span> <span class='ocrx_word' id='word_1_26' title='bbox 897 583 1113 652; x_wconf 59' lang='lat' dir='ltr'>nonnu&#39;lsa</span> <span class='ocrx_word' id='word_1_27' title='bbox 1137 607 1317 652; x_wconf 84' lang='lat' dir='ltr'>parente</span> <span class='ocrx_word' id='word_1_28' title='bbox 1334 609 1351 639; x_wconf 72' lang='lat' dir='ltr'>t</span> 
     </span>
     <span class='ocr_line' id='line_1_6' title="bbox 146 674 1382 735; baseline -0.002 -14"><span class='ocrx_word' id='word_1_29' title='bbox 146 679 261 721; x_wconf 85' lang='lat' dir='ltr'>Nam</span> <span class='ocrx_word' id='word_1_30' title='bbox 276 679 448 735; x_wconf 86' lang='lat' dir='ltr'>patiens</span> <span class='ocrx_word' id='word_1_31' title='bbox 464 690 650 734; x_wconf 85' lang='lat' dir='ltr'>operum</span> <span class='ocrx_word' id='word_1_32' title='bbox 665 675 727 720; x_wconf 85' lang='lat' dir='ltr'>est</span> <span class='ocrx_word' id='word_1_33' title='bbox 737 708 750 730; x_wconf 88' lang='lat'><strong>‚</strong></span> <span class='ocrx_word' id='word_1_34' title='bbox 768 676 812 719; x_wconf 73' lang='grc' dir='ltr'>δε</span> <span class='ocrx_word' id='word_1_35' title='bbox 826 674 952 720; x_wconf 67' lang='grc' dir='ltr'>νὶἃιι</span> <span class='ocrx_word' id='word_1_36' title='bbox 967 689 1098 732; x_wconf 77' lang='lat' dir='ltr'>parca</span> <span class='ocrx_word' id='word_1_37' title='bbox 1108 707 1122 728; x_wconf 93' lang='lat'>,</span> <span class='ocrx_word' id='word_1_38' title='bbox 1134 677 1382 732; x_wconf 65' lang='lat' dir='ltr'>pedumque</span> 
     </span>
     <span class='ocr_line' id='line_1_7' title="bbox 145 754 1185 814; baseline -0.004 -12"><span class='ocrx_word' id='word_1_39' title='bbox 145 758 400 802; x_wconf 83' lang='lat' dir='ltr'>Mobilitate</span> <span class='ocrx_word' id='word_1_40' title='bbox 423 757 548 814; x_wconf 84' lang='lat' dir='ltr'>viget</span> <span class='ocrx_word' id='word_1_41' title='bbox 567 786 582 809; x_wconf 88' lang='lat'>‚</span> <span class='ocrx_word' id='word_1_42' title='bbox 611 757 744 800; x_wconf 87' lang='lat' dir='ltr'>dorso</span> <span class='ocrx_word' id='word_1_43' title='bbox 770 765 853 799; x_wconf 84' lang='lat' dir='ltr'>nec</span> <span class='ocrx_word' id='word_1_44' title='bbox 879 756 994 799; x_wconf 78' lang='lat' dir='ltr'>serre</span> <span class='ocrx_word' id='word_1_45' title='bbox 1017 754 1185 799; x_wconf 75' lang='lat' dir='ltr'>recusat</span> 
     </span>
     <span class='ocr_line' id='line_1_8' title="bbox 145 833 1380 897; baseline -0.002 -14"><span class='ocrx_word' id='word_1_46' title='bbox 145 833 370 889; x_wconf 55' lang='lat' dir='ltr'>Pondeta&#39;,</span> <span class='ocrx_word' id='word_1_47' title='bbox 389 852 471 882; x_wconf 87' lang='lat' dir='ltr'>nec</span> <span class='ocrx_word' id='word_1_48' title='bbox 488 837 696 897; x_wconf 82' lang='lat' dir='ltr'>gravibus</span> <span class='ocrx_word' id='word_1_49' title='bbox 713 839 879 882; x_wconf 89' lang='lat' dir='ltr'>collum</span> <span class='ocrx_word' id='word_1_50' title='bbox 892 836 1148 882; x_wconf 83' lang='lat' dir='ltr'><strong>submittere</strong></span> <span class='ocrx_word' id='word_1_51' title='bbox 1164 834 1380 894; x_wconf 78' lang='lat' dir='ltr'>plaustris.</span> 
     </span>
    </p>

    <p class='ocr_par' dir='ltr' id='par_1_4' title="bbox 128 918 1382 1382">
     <span class='ocr_line' id='line_1_9' title="bbox 203 918 1380 981; baseline -0.003 -17"><span class='ocrx_word' id='word_1_52' title='bbox 203 921 228 965; x_wconf 87' lang='lat' dir='ltr'>J</span> <span class='ocrx_word' id='word_1_53' title='bbox 231 934 364 977; x_wconf 88' lang='lat' dir='ltr'>ugera</span> <span class='ocrx_word' id='word_1_54' title='bbox 378 921 504 977; x_wconf 89' lang='lat' dir='ltr'>plura</span> <span class='ocrx_word' id='word_1_55' title='bbox 520 921 671 981; x_wconf 88' lang='lat' dir='ltr'>colent</span> <span class='ocrx_word' id='word_1_56' title='bbox 685 920 870 978; x_wconf 77' lang='lat' dir='ltr'>grandes</span> <span class='ocrx_word' id='word_1_57' title='bbox 888 948 904 974; x_wconf 83' lang='lat'><strong>‚</strong></span> <span class='ocrx_word' id='word_1_58' title='bbox 921 933 1001 976; x_wconf 88' lang='lat' dir='ltr'>par</span> <span class='ocrx_word' id='word_1_59' title='bbox 1016 918 1167 962; x_wconf 82' lang='lat' dir='ltr'>nobile</span> <span class='ocrx_word' id='word_1_60' title='bbox 1185 951 1196 970; x_wconf 92' lang='lat'>‚</span> <span class='ocrx_word' id='word_1_61' title='bbox 1217 919 1348 960; x_wconf 84' lang='lat' dir='ltr'>mulae</span> <span class='ocrx_word' id='word_1_62' title='bbox 1367 950 1380 969; x_wconf 82' lang='lat'>,</span> 
     </span>
     <span class='ocr_line' id='line_1_10' title="bbox 143 997 1382 1060; baseline -0.006 -14"><span class='ocrx_word' id='word_1_63' title='bbox 143 1000 290 1058; x_wconf 68' lang='lat' dir='ltr'>Quam</span> <span class='ocrx_word' id='word_1_64' title='bbox 308 1000 410 1060; x_wconf 82' lang='lat' dir='ltr'>iuga</span> <span class='ocrx_word' id='word_1_65' title='bbox 427 1014 551 1045; x_wconf 87' lang='lat' dir='ltr'>terna</span> <span class='ocrx_word' id='word_1_66' title='bbox 569 1002 736 1051; x_wconf 79' lang='lat' dir='ltr'>boum3</span> <span class='ocrx_word' id='word_1_67' title='bbox 755 1000 934 1060; x_wconf 85' lang='lat' dir='ltr'>pinguis</span> <span class='ocrx_word' id='word_1_68' title='bbox 953 1001 1035 1044; x_wconf 84' lang='lat' dir='ltr'>nifi</span> <span class='ocrx_word' id='word_1_69' title='bbox 1051 1001 1174 1058; x_wconf 83' lang='lat' dir='ltr'>gleba</span> <span class='ocrx_word' id='word_1_70' title='bbox 1188 997 1382 1056; x_wconf 78' lang='lat' dir='ltr'>requirat</span> 
     </span>
     <span class='ocr_line' id='line_1_11' title="bbox 143 1081 1361 1139; baseline -0.002 -14"><span class='ocrx_word' id='word_1_71' title='bbox 143 1084 257 1126; x_wconf 79' lang='lat' dir='ltr'>Acte</span> <span class='ocrx_word' id='word_1_72' title='bbox 283 1082 572 1126; x_wconf 86' lang='lat' dir='ltr'>ministerium</span> <span class='ocrx_word' id='word_1_73' title='bbox 588 1115 603 1135; x_wconf 88' lang='lat'>‚</span> <span class='ocrx_word' id='word_1_74' title='bbox 633 1082 848 1139; x_wconf 85' lang='lat' dir='ltr'>natosque</span> <span class='ocrx_word' id='word_1_75' title='bbox 873 1083 935 1125; x_wconf 80' lang='lat' dir='ltr'>ad&#39;</span> <span class='ocrx_word' id='word_1_76' title='bbox 951 1081 1085 1126; x_wconf 84' lang='lat' dir='ltr'>fortia</span> <span class='ocrx_word' id='word_1_77' title='bbox 1109 1093 1260 1124; x_wconf 82' lang='lat' dir='ltr'>tauros</span> <span class='ocrx_word' id='word_1_78' title='bbox 1284 1096 1297 1124; x_wconf 77' lang='lat' dir='ltr'><em>z</em></span> <span class='ocrx_word' id='word_1_79' title='bbox 1357 1129 1361 1132; x_wconf 15' lang='grc' dir='ltr'><strong><em>Δ</em></strong></span> 
     </span>
     <span class='ocr_line' id='line_1_12' title="bbox 144 1162 1117 1208; baseline 0 -1"><span class='ocrx_word' id='word_1_80' title='bbox 144 1164 303 1208; x_wconf 80' lang='lat' dir='ltr'>Nescia</span> <span class='ocrx_word' id='word_1_81' title='bbox 329 1164 497 1207; x_wconf 83' lang='lat' dir='ltr'>difficili</span> <span class='ocrx_word' id='word_1_82' title='bbox 521 1178 623 1207; x_wconf 88' lang='lat' dir='ltr'>nam</span> <span class='ocrx_word' id='word_1_83' title='bbox 649 1164 802 1207; x_wconf 83' lang='lat' dir='ltr'>cedere</span> <span class='ocrx_word' id='word_1_84' title='bbox 828 1164 946 1206; x_wconf 87' lang='lat' dir='ltr'>mula</span> <span class='ocrx_word' id='word_1_85' title='bbox 972 1162 1117 1207; x_wconf 81' lang='lat' dir='ltr'>labori</span> 
     </span>
     <span class='ocr_line' id='line_1_13' title="bbox 145 1243 1360 1303; baseline -0.001 -16"><span class='ocrx_word' id='word_1_86' title='bbox 145 1245 385 1301; x_wconf 82' lang='lat' dir='ltr'>Rumpitur</span> <span class='ocrx_word' id='word_1_87' title='bbox 402 1276 416 1298; x_wconf 90' lang='lat'><strong>‚</strong></span> <span class='ocrx_word' id='word_1_88' title='bbox 446 1257 616 1288; x_wconf 82' lang='lat' dir='ltr'>arentes</span> <span class='ocrx_word' id='word_1_89' title='bbox 646 1257 838 1301; x_wconf 75' lang='lat' dir='ltr'>nequeat</span> <span class='ocrx_word' id='word_1_90' title='bbox 865 1243 898 1286; x_wconf 90' lang='lat' dir='ltr'>s1</span> <span class='ocrx_word' id='word_1_91' title='bbox 929 1244 1128 1303; x_wconf 80' lang='lat' dir='ltr'>frangere</span> <span class='ocrx_word' id='word_1_92' title='bbox 1157 1245 1320 1302; x_wconf 80' lang='lat' dir='ltr'>glebas.</span> <span class='ocrx_word' id='word_1_93' title='bbox 1355 1291 1360 1295; x_wconf 54' lang='grc'>,</span> 
     </span>
     <span class='ocr_line' id='line_1_14' title="bbox 128 1317 1119 1382; baseline 0 -14"><span class='ocrx_word' id='word_1_94' title='bbox 128 1355 132 1359; x_wconf 49' lang='lat'><em>1</em></span> <span class='ocrx_word' id='word_1_95' title='bbox 205 1325 286 1368; x_wconf 76' lang='lat' dir='ltr'>illa</span> <span class='ocrx_word' id='word_1_96' title='bbox 310 1323 533 1367; x_wconf 80' lang='lat' dir='ltr'>viatorem</span> <span class='ocrx_word' id='word_1_97' title='bbox 559 1324 690 1368; x_wconf 85' lang='lat' dir='ltr'>dorso</span> <span class='ocrx_word' id='word_1_98' title='bbox 715 1324 939 1380; x_wconf 85' lang='lat' dir='ltr'>phalerata</span> <span class='ocrx_word' id='word_1_99' title='bbox 964 1317 1119 1382; x_wconf 81' lang='lat' dir='ltr'>quieto</span> 
     </span>
    </p>
   </div>
   <div class='ocr_carea' id='block_1_3' title="bbox 60 1403 1318 1462">
    <p class='ocr_par' dir='ltr' id='par_1_5' title="bbox 60 1403 1318 1462">
     <span class='ocr_line' id='line_1_15' title="bbox 60 1403 1318 1462; baseline -0.001 -13"><span class='ocrx_word' id='word_1_100' title='bbox 60 1433 68 1438; x_wconf 93' lang='lat'>-</span> <span class='ocrx_word' id='word_1_101' title='bbox 144 1406 351 1462; x_wconf 81' lang='lat' dir='ltr'>Accipit,</span> <span class='ocrx_word' id='word_1_102' title='bbox 384 1406 429 1448; x_wconf 69' lang='grc' dir='ltr'>δι</span> <span class='ocrx_word' id='word_1_103' title='bbox 454 1404 656 1462; x_wconf 86' lang='lat' dir='ltr'>placidos</span> <span class='ocrx_word' id='word_1_104' title='bbox 681 1403 838 1448; x_wconf 81' lang='lat' dir='ltr'>alacris</span> <span class='ocrx_word' id='word_1_105' title='bbox 864 1419 944 1461; x_wconf 90' lang='lat' dir='ltr'>per</span> <span class='ocrx_word' id='word_1_106' title='bbox 967 1406 1118 1449; x_wconf 87' lang='lat' dir='ltr'>acerba</span> <span class='ocrx_word' id='word_1_107' title='bbox 1140 1405 1318 1457; x_wconf 46' lang='lat' dir='ltr'>viarum,</span> 
     </span>
    </p>
   </div>
   <div class='ocr_carea' id='block_1_4' title="bbox 112 1484 1451 2519">
    <p class='ocr_par' dir='ltr' id='par_1_6' title="bbox 112 1484 1451 2519">
     <span class='ocr_line' id='line_1_16' title="bbox 143 1484 1263 1543; baseline 0.001 -14"><span class='ocrx_word' id='word_1_108' title='bbox 143 1485 306 1529; x_wconf 86' lang='lat' dir='ltr'>Tendit</span> <span class='ocrx_word' id='word_1_109' title='bbox 330 1484 692 1541; x_wconf 80' lang='lat' dir='ltr'>inoffensopede</span> <span class='ocrx_word' id='word_1_110' title='bbox 721 1484 900 1542; x_wconf 78' lang='lat' dir='ltr'>gress‘us.</span> <span class='ocrx_word' id='word_1_111' title='bbox 931 1486 1053 1529; x_wconf 81' lang='lat' dir='ltr'>Utile</span> <span class='ocrx_word' id='word_1_112' title='bbox 1078 1487 1263 1543; x_wconf 83' lang='lat' dir='ltr'>pulchro</span> 
     </span>
     <span class='ocr_line' id='line_1_17' title="bbox 144 1566 1352 1624; baseline -0.002 -13"><span class='ocrx_word' id='word_1_113' title='bbox 144 1568 405 1612; x_wconf 79' lang='lat' dir='ltr'>Anteferens</span> <span class='ocrx_word' id='word_1_114' title='bbox 426 1600 439 1619; x_wconf 88' lang='lat'>‚</span> <span class='ocrx_word' id='word_1_115' title='bbox 465 1566 719 1624; x_wconf 88' lang='lat' dir='ltr'>veterisque</span> <span class='ocrx_word' id='word_1_116' title='bbox 743 1578 879 1610; x_wconf 84' lang='lat' dir='ltr'>tenax</span> <span class='ocrx_word' id='word_1_117' title='bbox 906 1567 1117 1624; x_wconf 75' lang='lat' dir='ltr'>Hispania</span> <span class='ocrx_word' id='word_1_118' title='bbox 1146 1569 1286 1612; x_wconf 81' lang='lat' dir='ltr'>moris</span> <span class='ocrx_word' id='word_1_119' title='bbox 1306 1601 1321 1622; x_wconf 85' lang='lat'><strong>,</strong></span> <span class='ocrx_word' id='word_1_120' title='bbox 1347 1600 1352 1608; x_wconf 69' lang='grc'>,</span> 
     </span>
     <span class='ocr_line' id='line_1_18' title="bbox 144 1642 1352 1706; baseline 0 -13"><span class='ocrx_word' id='word_1_121' title='bbox 144 1651 275 1693; x_wconf 85' lang='lat' dir='ltr'>Nunc</span> <span class='ocrx_word' id='word_1_122' title='bbox 298 1647 435 1692; x_wconf 87' lang='lat' dir='ltr'>etiam</span> <span class='ocrx_word' id='word_1_123' title='bbox 461 1647 580 1690; x_wconf 62' lang='lat' dir='ltr'>muli</span> <span class='ocrx_word' id='word_1_124' title='bbox 604 1646 816 1696; x_wconf 75' lang='lat' dir='ltr'>vehitur3</span> <span class='ocrx_word' id='word_1_125' title='bbox 851 1650 1167 1706; x_wconf 84' lang='lat' dir='ltr'>pugnandaque</span> <span class='ocrx_word' id='word_1_126' title='bbox 1182 1642 1352 1693; x_wconf 29' lang='lat' dir='ltr'>*Martis</span> 
     </span>
     <span class='ocr_line' id='line_1_19' title="bbox 146 1729 1348 1785; baseline 0.002 -13"><span class='ocrx_word' id='word_1_127' title='bbox 146 1731 364 1772; x_wconf 82' lang='lat' dir='ltr'>Ardentes</span> <span class='ocrx_word' id='word_1_128' title='bbox 389 1742 504 1785; x_wconf 86' lang='lat' dir='ltr'>quos</span> <span class='ocrx_word' id='word_1_129' title='bbox 530 1729 669 1772; x_wconf 85' lang='lat' dir='ltr'>nutrit</span> <span class='ocrx_word' id='word_1_130' title='bbox 696 1741 836 1784; x_wconf 90' lang='lat' dir='ltr'>equos</span> <span class='ocrx_word' id='word_1_131' title='bbox 862 1729 916 1772; x_wconf 84' lang='lat' dir='ltr'>ad</span> <span class='ocrx_word' id='word_1_132' title='bbox 938 1729 1088 1785; x_wconf 82' lang='lat' dir='ltr'>praelia</span> <span class='ocrx_word' id='word_1_133' title='bbox 1112 1731 1255 1775; x_wconf 78' lang='lat' dir='ltr'>servat</span> <span class='ocrx_word' id='word_1_134' title='bbox 1275 1762 1289 1783; x_wconf 78' lang='grc'><em>,</em></span> <span class='ocrx_word' id='word_1_135' title='bbox 1346 1747 1348 1750; x_wconf 93' lang='grc'><em>·</em></span> 
     </span>
     <span class='ocr_line' id='line_1_20' title="bbox 145 1797 1382 1869; baseline 0.001 -15"><span class='ocrx_word' id='word_1_136' title='bbox 145 1813 252 1854; x_wconf 88' lang='lat' dir='ltr'>Non</span> <span class='ocrx_word' id='word_1_137' title='bbox 267 1824 421 1854; x_wconf 87' lang='lat' dir='ltr'>curans</span> <span class='ocrx_word' id='word_1_138' title='bbox 437 1807 568 1866; x_wconf 75' lang='lat' dir='ltr'>quam</span> <span class='ocrx_word' id='word_1_139' title='bbox 583 1821 712 1865; x_wconf 84' lang='lat' dir='ltr'>turpe</span> <span class='ocrx_word' id='word_1_140' title='bbox 731 1820 861 1866; x_wconf 88' lang='lat' dir='ltr'>caput</span> <span class='ocrx_word' id='word_1_141' title='bbox 873 1840 886 1862; x_wconf 87' lang='lat'><strong>‚</strong></span> <span class='ocrx_word' id='word_1_142' title='bbox 897 1808 1028 1866; x_wconf 70' lang='lat' dir='ltr'>quam</span> <span class='ocrx_word' id='word_1_143' title='bbox 1045 1811 1224 1869; x_wconf 84' lang='lat' dir='ltr'>longior</span> <span class='ocrx_word' id='word_1_144' title='bbox 1240 1797 1382 1868; x_wconf 77' lang='lat' dir='ltr'>auris,</span> 
     </span>
     <span class='ocr_line' id='line_1_21' title="bbox 146 1888 1347 1950; baseline -0.001 -15"><span class='ocrx_word' id='word_1_145' title='bbox 146 1893 231 1935; x_wconf 85' lang='lat' dir='ltr'>Sed</span> <span class='ocrx_word' id='word_1_146' title='bbox 250 1889 385 1950; x_wconf 77' lang='lat' dir='ltr'>quam</span> <span class='ocrx_word' id='word_1_147' title='bbox 403 1904 483 1948; x_wconf 89' lang='lat' dir='ltr'>pes</span> <span class='ocrx_word' id='word_1_148' title='bbox 502 1889 628 1948; x_wconf 85' lang='lat' dir='ltr'>agilis</span> <span class='ocrx_word' id='word_1_149' title='bbox 644 1922 659 1943; x_wconf 92' lang='lat'>‚</span> <span class='ocrx_word' id='word_1_150' title='bbox 678 1888 823 1946; x_wconf 78' lang='lat' dir='ltr'>paffus</span> <span class='ocrx_word' id='word_1_151' title='bbox 839 1890 975 1948; x_wconf 72' lang='lat' dir='ltr'>quam</span> <span class='ocrx_word' id='word_1_152' title='bbox 994 1891 1176 1935; x_wconf 79' lang='lat' dir='ltr'>mollior</span> <span class='ocrx_word' id='word_1_153' title='bbox 1192 1925 1205 1946; x_wconf 91' lang='lat'>,</span> <span class='ocrx_word' id='word_1_154' title='bbox 1223 1892 1316 1937; x_wconf 56' lang='lat' dir='ltr'>una</span> <span class='ocrx_word' id='word_1_155' title='bbox 1340 1944 1347 1948; x_wconf 36' lang='grc'>,</span> 
     </span>
     <span class='ocr_line' id='line_1_22' title="bbox 142 1971 1340 2031; baseline 0.001 -15"><span class='ocrx_word' id='word_1_156' title='bbox 142 1972 292 2028; x_wconf 78' lang='lat' dir='ltr'>Quam</span> <span class='ocrx_word' id='word_1_157' title='bbox 315 1971 502 2029; x_wconf 85' lang='lat' dir='ltr'>pingues</span> <span class='ocrx_word' id='word_1_158' title='bbox 529 1971 656 2028; x_wconf 67' lang='lat' dir='ltr'>palea</span> <span class='ocrx_word' id='word_1_159' title='bbox 681 1973 812 2017; x_wconf 80' lang='lat' dir='ltr'>mulae</span> <span class='ocrx_word' id='word_1_160' title='bbox 839 1972 1083 2031; x_wconf 80' lang='lat' dir='ltr'>culmisque</span> <span class='ocrx_word' id='word_1_161' title='bbox 1109 1974 1340 2018; x_wconf 80' lang='lat' dir='ltr'>nitescant.</span> 
     </span>
     <span class='ocr_line' id='line_1_23' title="bbox 205 2053 1381 2111; baseline 0.001 -13"><span class='ocrx_word' id='word_1_162' title='bbox 205 2054 253 2098; x_wconf 87' lang='lat' dir='ltr'>O</span> <span class='ocrx_word' id='word_1_163' title='bbox 267 2058 277 2098; x_wconf 77' lang='lat' dir='ltr'>l</span> <span class='ocrx_word' id='word_1_164' title='bbox 290 2054 366 2097; x_wconf 89' lang='lat' dir='ltr'>ubi</span> <span class='ocrx_word' id='word_1_165' title='bbox 379 2053 693 2111; x_wconf 70' lang='lat' dir='ltr'>Francigenfim</span> <span class='ocrx_word' id='word_1_166' title='bbox 706 2056 954 2098; x_wconf 83' lang='lat' dir='ltr'>veneranda</span> <span class='ocrx_word' id='word_1_167' title='bbox 967 2054 1177 2099; x_wconf 85' lang='lat' dir='ltr'>modestia</span> <span class='ocrx_word' id='word_1_168' title='bbox 1188 2055 1314 2100; x_wconf 86' lang='lat' dir='ltr'>Patru</span> <span class='ocrx_word' id='word_1_169' title='bbox 1320 2071 1381 2110; x_wconf 83' lang='lat' dir='ltr'>m,</span> 
     </span>
     <span class='ocr_line' id='line_1_24' title="bbox 145 2135 1262 2193; baseline 0.003 -17"><span class='ocrx_word' id='word_1_170' title='bbox 145 2135 275 2188; x_wconf 86' lang='lat' dir='ltr'>Quos</span> <span class='ocrx_word' id='word_1_171' title='bbox 301 2147 428 2178; x_wconf 78' lang='lat' dir='ltr'>aetate</span> <span class='ocrx_word' id='word_1_172' title='bbox 453 2148 610 2193; x_wconf 82' lang='lat' dir='ltr'>graves</span> <span class='ocrx_word' id='word_1_173' title='bbox 633 2137 688 2179; x_wconf 93' lang='lat' dir='ltr'>ad</span> <span class='ocrx_word' id='word_1_174' title='bbox 715 2136 884 2179; x_wconf 83' lang='lat' dir='ltr'>sacrum</span> <span class='ocrx_word' id='word_1_175' title='bbox 906 2137 1026 2179; x_wconf 84' lang='lat' dir='ltr'>mula</span> <span class='ocrx_word' id='word_1_176' title='bbox 1050 2137 1262 2180; x_wconf 82' lang='lat' dir='ltr'>Senatum</span> 
     </span>
     <span class='ocr_line' id='line_1_25' title="bbox 144 2214 1261 2272; baseline 0.002 -15"><span class='ocrx_word' id='word_1_177' title='bbox 144 2215 242 2271; x_wconf 85' lang='lat' dir='ltr'>Ipsa</span> <span class='ocrx_word' id='word_1_178' title='bbox 267 2214 416 2272; x_wconf 68' lang='lat' dir='ltr'>gravis</span> <span class='ocrx_word' id='word_1_179' title='bbox 444 2215 569 2259; x_wconf 84' lang='lat' dir='ltr'>senio</span> <span class='ocrx_word' id='word_1_180' title='bbox 595 2217 827 2272; x_wconf 87' lang='lat' dir='ltr'>portabat·‚</span> <span class='ocrx_word' id='word_1_181' title='bbox 860 2217 903 2259; x_wconf 88' lang='lat'>&amp;</span> <span class='ocrx_word' id='word_1_182' title='bbox 930 2215 1045 2259; x_wconf 86' lang='lat' dir='ltr'>inter</span> <span class='ocrx_word' id='word_1_183' title='bbox 1069 2218 1261 2259; x_wconf 80' lang='lat' dir='ltr'>eundum</span> 
     </span>
     <span class='ocr_line' id='line_1_26' title="bbox 112 2294 1451 2352; baseline 0.004 -16"><span class='ocrx_word' id='word_1_184' title='bbox 112 2332 115 2334; x_wconf 96' lang='lat'>.</span> <span class='ocrx_word' id='word_1_185' title='bbox 142 2295 369 2350; x_wconf 84' lang='lat' dir='ltr'>Tempora</span> <span class='ocrx_word' id='word_1_186' title='bbox 386 2294 581 2352; x_wconf 65' lang='lat' dir='ltr'>inempta</span> <span class='ocrx_word' id='word_1_187' title='bbox 600 2296 755 2339; x_wconf 89' lang='lat' dir='ltr'>dabant</span> <span class='ocrx_word' id='word_1_188' title='bbox 772 2296 1007 2352; x_wconf 79' lang='lat' dir='ltr'>facilesque</span> <span class='ocrx_word' id='word_1_189' title='bbox 1027 2296 1276 2341; x_wconf 81' lang='lat' dir='ltr'>clientibus</span> <span class='ocrx_word' id='word_1_190' title='bbox 1295 2313 1418 2343; x_wconf 82' lang='lat' dir='ltr'>aures</span> <span class='ocrx_word' id='word_1_191' title='bbox 1433 2316 1451 2343; x_wconf 76' lang='lat'>2</span> 
     </span>
     <span class='ocr_line' id='line_1_27' title="bbox 143 2373 1234 2433; baseline 0.004 -17"><span class='ocrx_word' id='word_1_192' title='bbox 143 2375 292 2430; x_wconf 83' lang='lat' dir='ltr'>Atque</span> <span class='ocrx_word' id='word_1_193' title='bbox 324 2373 575 2419; x_wconf 85' lang='lat' dir='ltr'>ministeriis</span> <span class='ocrx_word' id='word_1_194' title='bbox 604 2387 653 2419; x_wconf 89' lang='lat' dir='ltr'>ut</span> <span class='ocrx_word' id='word_1_195' title='bbox 683 2375 881 2433; x_wconf 81' lang='lat' dir='ltr'>pluribus</span> <span class='ocrx_word' id='word_1_196' title='bbox 909 2375 1088 2432; x_wconf 80' lang='lat' dir='ltr'>aptior,</span> <span class='ocrx_word' id='word_1_197' title='bbox 1118 2376 1234 2420; x_wconf 88' lang='lat' dir='ltr'>idem</span> 
     </span>
     <span class='ocr_line' id='line_1_28' title="bbox 142 2454 1331 2519; baseline 0.003 -20"><span class='ocrx_word' id='word_1_198' title='bbox 142 2457 308 2501; x_wconf 80' lang='lat' dir='ltr'>Servus</span> <span class='ocrx_word' id='word_1_199' title='bbox 333 2466 427 2504; x_wconf 81' lang='lat' dir='ltr'>erat</span> <span class='ocrx_word' id='word_1_200' title='bbox 447 2467 592 2516; x_wconf 75' lang='lat' dir='ltr'>portae</span> <span class='ocrx_word' id='word_1_201' title='bbox 617 2454 789 2514; x_wconf 81' lang='lat' dir='ltr'>custos,</span> <span class='ocrx_word' id='word_1_202' title='bbox 818 2456 862 2500; x_wconf 76' lang='grc' dir='ltr'>δι</span> <span class='ocrx_word' id='word_1_203' title='bbox 881 2457 1010 2516; x_wconf 85' lang='lat' dir='ltr'>agaso</span> <span class='ocrx_word' id='word_1_204' title='bbox 1037 2459 1331 2519; x_wconf 45' lang='lat' dir='ltr'>coquusquer</span> 
     </span>
    </p>
   </div>
  </div>
 </body>
</html>
