1482 2834
131 237 247 301 352
368 224 703 282 PRAEDII
746 226 1128 284 Rtssrtct

128 324 435 383 Alburnusque
458 340 604 371 vorax
623 359 636 379 ,
664 328 895 384 veterique
921 327 1142 371 fimillima
1167 338 1294 374 trutae
1347 316 1358 379 Ἀ

125 406 288 448 Umbla
305 439 317 459 ,
337 406 489 450 minax
514 409 654 452 rostro
681 410 754 453 sed
781 411 898 454 iners
927 412 981 454 ad
1005 407 1156 467 praelia
1175 403 1339 466 piscis:

125 487 240 529 Nam
267 486 373 531 licet
396 462 581 532 arxiiatas
611 489 779 546 triplici
806 492 912 534 dens
939 490 1094 533 ordine
1122 490 1268 533 fauces

126 566 306 610 Muniat
333 584 346 617 ·,
377 568 629 614 innumeras
659 583 806 615 tamen
834 571 964 615 irruit
990 584 1103 613 unus
1124 569 1179 612 'in
1205 570 1370 614 umblas
1433 588 1451 618 .’

126 646 287 691 Lucius
304 680 317 701 ‚
345 649 389 691 δε
416 649 566 705 paffim
593 651 751 696 fluetus
777 651 957 713 impune
988 662 1186 695 cruentat
1410 632 1414 637 ’

126 729 257 771 Caede
283 730 412 772 ferox
439 746 451 774 :
482 733 592 775 adeo
617 732 677 776 est
706 733 880 776 animus
907 731 1180 789 praestantior
1204 723 1355 775 armis.

184 810 395 853 Ausoniis
423 811 556 854 etiam
586 813 738 857 veniet
763 813 1020 871 peregrinus
1046 813 1098 855 ab
1123 811 1253 855 undis

122 891 289 948 Carpio
316 907 332 941 ·,
358 892 567 935 ramentis
594 894 708 937 fulvi
737 894 813 951 qui
841 894 1035 938 vescitur
1065 893 1192 946 auri,
1470 946 1475 951 Ῠ

120 973 267 1029 Atque
291 972 379 1015 alio
409 972 575 1028 priscos
602 973 651 1015 in
677 987 865 1030 corpore
891 974 1036 1016 servat
1062 986 1266 1016 amores:
1414 958 1474 1014 ..s

120 1054 238 1096 Exul
264 1054 384 1095 enim
412 1053 548 1096 Latiis
575 1053 686 1096 olim
711 1054 924 1097 Saturnus
951 1052 999 1095 in
1027 1051 1118 1096 oris
1440 1007 1472 1070 ὃ

121 1134 275 1188 Quum
289 1135 458 1191 fugeret
473 1135 496 1178 J
501 1133 604 1176 ovis
621 1147 741 1176 arma
760 1165 774 1188 ‚
786 1145 925 1176 ratem
942 1130 1252 1175 conscenderat
1266 1163 1279 1184 ‚
1297 1131 1410 1173 ultra
1443 1171 1451 1187 ξ

121 1214 342 1257 Benacum
365 1212 554 1257 fasturus
581 1213 698 1264 iter3
732 1211 1017 1269 pretiumque
1045 1207 1239 1255 vehendi
1435 1199 1439 1202 ⁵

121 1296 354 1347 Solverat,
381 1307 511 1351 atque
536 1295 638 1336 dato
667 1294 806 1336 scelus
833 1292 1084 1335 irritaverat
1107 1305 1232 1337 auro-

119 1377 306 1434 Jamque
332 1377 599 1434 gubernator
624 1375 750 1418 navis
767 1407 780 1428 ‚
803 1372 1074 1431 cognomine
1100 1375 1272 1436 »Carpus
1294 1404 1308 1426 ‚

119 1456 290 1500 Omnia
315 1456 451 1499 furaci
480 1454 602 1513 quod
626 1467 822 1511 carperet
852 1466 1000 1511 ungue
1017 1486 1029 1506 ,
1054 1454 1230 1510 parabat
1320 1452 1322 1455 ’

119 1537 284 1581 Vincla
303 1540 404 1581 Deo
426 1554 438 1581 ι
459 1549 654 1580 mentem
675 1551 733 1580 ex
751 1537 880 1579 vultu
899 1534 1119 1592 praesenfit
1138 1533 1333 1592 iniquam
1349 1540 1365 1587 ,'

120 1619 392 1675 Ulturusque
419 1619 538 1662 nefas
564 1617 705 1675 puppi
719 1614 941 1661 ‘Saturnus
970 1617 1022 1659 ab
1050 1617 1136 1658 alta

120 1700 358 1744 Rectorem
384 1698 620 1754 nautasque
648 1696 780 1740 maris
807 1695 965 1750 dejecit
990 1695 1038 1738 in
1062 1696 1230 1750 undas3

119 1780 424 1837 Naufragaque
449 1778 496 1821 in
521 1778 661 1834 pisces
688 1777 879 1821 mutavit
905 1789 1124 1832 corpora,
1150 1790 1287 1820 naves

119 1861 214 1915 Qui
239 1859 455 1903 sectantur
479 1858 617 1900 adhuc
635 1890 647 1910 ‚
674 1857 854 1914 aurique
881 1855 1088 1913 cupidine
1113 1855 1323 1914 flagrant·²

120 1943 267 1998 Seque
292 1941 401 1983 adeo
426 1937 618 1981 humana
644 1937 852 1980 testantur
879 1937 1054 1994 origine
1081 1949 1244 1980 cretos.

178 2021 326 2063 Dives
352 2033 475 2075 aquae
501 2018 533 2060 fi
558 2018 673 2061 forte
695 2019 817 2060 lacus
846 2015 1062 2059 interfluit
1089 2016 1230 2060 amnis
1249 2049 1263 2070 ,

117 2101 391 2145 Provenient
416 2097 575 2140 melius
600 2097 823 2140 maculoso
854 2091 1028 2153 tergore
1054 2077 1208 2139 barbuti
1226 2129 1240 2149 ‚

118 2184 175 2226 Et
198 2181 416 2224 leuciscus
435 2211 447 2233 ‚
469 2192 628 2234 aquam
647 2177 846 2220 scindens
867 2190 957 2232 quo
976 2187 1200 2233 moreper
1214 2190 1339 2220 auras

116 2261 350 2306 Excuffum
378 2273 519 2303 nervo
548 2258 736 2312 jaculum
763 2259 887 2300 volat
914 2273 927 2306 ·‚
957 2258 1072 2300 unde
1101 2257 1266 2314 sagittae

117 2345 297 2387 Nomen
311 2343 440 2383 habet
456 2357 467 2384 :
485 2338 600 2383 vivo
617 2339 804 2396 gaudent
824 2350 1000 2394 quoque
1017 2336 1200 2380 flumine
1220 2337 1379 2379 mullus

101 2421 432 2481 'Perpetuisque
459 2431 602 2464 tumet
628 2429 786 2467 venter
814 2416 886 2461 cui
911 2416 1070 2461 fertilis
1099 2415 1205 2459 ovis

1109 2493 1363 2546 Phoxinus,
