1500 2834
549 209 847 275 LIBER
899 209 1011 266 VI.
1296 221 1401 286 155

226 311 453 355 Interdum
476 311 615 355 variis
639 313 810 356 Natura
835 311 1062 355 coloribus
1087 310 1207 354 ultro

163 392 298 436 Ludit
323 394 372 436 in
400 392 627 437 arboribus
643 425 659 447 ,
685 393 879 436 mixtum
902 393 1093 451 candore
1121 392 1331 436 ruborem

167 474 393 518 FmCtibus
416 473 663 532 appingens
685 489 698 518 :
729 472 884 517 faciles
909 473 1140 518 imitabere
1163 473 1284 517 lusus
1300 487 1317 522 ·,

169 555 440 602 Multicolor
465 569 611 600 verno
634 554 669 598 fi
694 566 899 611 tempore
925 555 1083 598 succus
1106 567 1318 612 aquarum

166 637 366 698 Irriguos
390 637 533 695 tingat
556 635 713 680 latices
741 649 858 692 quos
884 634 1031 679 ebibet
1055 636 1184 678 arbor
1201 650 1216 679 ε

165 719 393 776 Pomaque
416 717 684 762 dulciculum
705 717 897 761 referent
921 716 1317 772 melliffsaporem
1334 748 1349 770 ,

164 798 381 854 Indideris
409 799 443 842 fi
468 799 601 842 mella
625 810 743 842 cavo
769 796 1008 855 fragrantia
1033 808 1211 841 trunco.

165 882 298 926 Hunc
326 882 438 926 adeo
462 880 512 924 iu
537 878 736 939 geminas
760 880 872 923 aude
900 878 1126 923 diffindere
1154 890 1299 936 partes
1319 892 1332 922 e

166 963 283 1018 Quae
311 962 460 1007 media
482 963 663 1020 penitus
686 963 795 1006 latet
812 962 968 1006 arbore
981 992 996 1016 ‚
1013 962 1124 1005 tolle
1145 962 1412 1010 medullam3

166 1045 315 1102 Atque
343 1045 551 1089 salutares
577 1045 731 1095 succos
756 1045 803 1088 &
827 1043 969 1088 dulcia
996 1044 1205 1101 supplens

168 1126 309 1170 Mella
327 1159 343 1181 ,
366 1125 478 1169 fimo
504 1126 694 1170 tinctum
717 1126 883 1170 bubulo
907 1125 1165 1170 circumline
1183 1127 1347 1170 vulnus
1366 1157 1379 1176 ,

170 1207 390 1252 Mollibus
410 1207 642 1266 incingens
657 1207 822 1253 vinclis
842 1220 1095 1266 tegumenta
1113 1223 1128 1257 ;
1148 1220 1371 1252 recentem

170 1289 241 1331 Ne
266 1291 438 1348 plagam
469 1291 634 1334 Boreas
661 1291 739 1334 vel
764 1290 831 1334 sol
858 1289 1034 1334 aestivus
1063 1290 1282 1333 acerbent.

170 1370 302 1424 Quos
326 1373 447 1414 ultro
477 1372 562 1415 fert
589 1382 691 1416 nata
715 1383 868 1416 recens
894 1371 1116 1415 arbuscula
1141 1372 1272 1415 ludos

169 1451 276 1494 Non
298 1451 466 1508 patitur
488 1452 655 1496 veteris
684 1453 831 1497 trunci
856 1453 1036 1496 morosa
1058 1452 1276 1497 senectus.

230 1533 364 1577 Ludit
393 1534 439 1578 &
467 1534 517 1578 in
544 1533 655 1579 tiliis
683 1549 753 1578 ars
778 1533 1008 1593 ingeniosa
1036 1537 1290 1579 colentum:

166 1615 316 1659 Arbor
340 1615 463 1659 enim
490 1614 641 1672 primo
665 1615 857 1660 docilem
881 1616 926 1660 se
951 1615 1120 1673 praestat
1143 1615 1193 1659 in
1216 1631 1316 1660 aevo
1335 1631 1350 1666 ;

170 1698 227 1739 Et
253 1695 547 1741 testudineum
571 1708 770 1742 teneram
795 1697 829 1741 fi
853 1697 995 1741 flectis
1021 1697 1069 1741 in
1093 1698 1246 1741 orbem
1265 1731 1278 1751 ‚

173 1780 510 1836 Curvatumque
538 1779 640 1824 solo
666 1791 796 1836 caput
823 1779 1003 1830 obruis;
1030 1779 1097 1824 ire
1115 1781 1320 1824 deorsum
1338 1813 1351 1831 ,

172 1862 320 1918 Atque
342 1861 492 1905 vicem
519 1860 668 1918 stirpis
691 1859 817 1920 fungi
843 1859 1060 1905 mirabere
1088 1876 1237 1906 ramos
1261 1878 1273 1906 :

173 1942 284 1985 Haec
311 1955 433 1987 nova
455 1956 593 2000 quum
622 1941 750 1987 radix
774 1941 1036 2001 genitalibus
1058 1943 1233 1987 haeserit
1258 1944 1377 1988 arvis
1398 1977 1412 1998 ,

173 2022 353 2066 Eruitur
376 2034 508 2067 vetus
534 2039 550 2075 3
578 2023 759 2067 inverso
787 2023 1018 2068 confistere
1045 2036 1204 2070 trunco

160 2105 198 2169 'J
204 2103 292 2148 uffa
311 2137 326 2157 ‚
351 2104 455 2150 suos
481 2104 608 2150 effert
631 2106 761 2149 arbor
785 2119 869 2162 pro
895 2105 1065 2151 vertice
1090 2108 1234 2151 nudos

173 2188 230 2231 In
251 2185 435 2230 sublime
459 2187 594 2243 pedes
617 2202 630 2231 ε
658 2184 770 2230 rami
797 2188 957 2231 tellure
981 2187 1059 2231 sub
1086 2187 1176 2232 ima

174 2267 364 2312 Mutatis
391 2268 569 2325 serpunt
595 2267 770 2312 vicibus
788 2301 801 2322 ,
826 2267 1038 2327 stirpique
1063 2272 1311 2328 rependunt

178 2349 323 2393 Ae'riae
349 2348 507 2407 primis
533 2348 744 2394 alimenta
762 2361 938 2407 recepta
963 2351 1040 2395 sub
1068 2352 1214 2397 annis.

177 2430 320 2490 stirps
346 2443 492 2480 autem
519 2431 685 2480 virides
708 2446 830 2479 nova
854 2446 936 2492 per
956 2432 1166 2481 miracula
1188 2436 1367 2482 frondes
