1500 2886
149 263 468 475 {cmm
356 340 466 393 t
442 340 553 392 x
529 338 640 392 t
469 278 1390 424 ηὕβῑῖἭῖΫῖὛῗέᾆ

235 555 578 629 LIBER
645 422 1302 626 sgCUNcDUS.

173 723 404 772 Servorum
423 717 638 778 ἆεΙεὲἶω,
656 735 886 784 eorumque
904 715 951 768 in
968 714 1224 766 excolendis
1242 717 1363 783 agris

635 806 886 875 ministeria.

219 880 264 918 γ

148 884 247 981 IN
266 947 301 980 u
314 947 387 980 nc
405 950 483 995 age
496 969 508 990 ‚
536 935 615 995 qui
632 934 770 981 servis
790 933 951 980 melior
969 933 1162 979 deleelus
1177 931 1388 978 habendis

147 1017 395 1076 Exsequar:
425 1019 468 1061 &
487 1018 699 1076 quoniam
719 1018 854 1062 sulcat
873 1017 950 1076 qui
969 1016 1131 1061 rectius
1151 1029 1278 1075 agros
1296 1047 1311 1068 ,

147 1098 315 1142 Utilius
334 1099 444 1142 colit
464 1115 476 1142 :
498 1098 703 1157 inprimis
722 1098 805 1143 tibi
825 1113 968 1157 quaere
987 1099 1229 1142 Bubulcum
1241 1130 1255 1150 ,

150 1177 299 1235 Quem
317 1181 503 1236 pecudes
522 1192 718 1224 atrocem
735 1179 888 1224 habitu
905 1213 917 1234 ,
942 1193 1033 1222 non
1053 1179 1202 1222 indole
1221 1179 1386 1222 saevum

147 1259 405 1303 Formident
430 1276 442 1304 z
470 1259 657 1304 nervosa
683 1259 784 1303 viro
810 1259 892 1302 fint
919 1259 1096 1303 brachia
1112 1292 1125 1312 ‚
1143 1260 1295 1302 vultus

149 1341 379 1385 Terribilis
394 1373 408 1394 ,
426 1341 498 1384 sed
516 1342 670 1384 blanda
688 1355 843 1385 manus
866 1356 879 1390 3
905 1341 1150 1399 plenusque
1168 1341 1387 1384 minarum

148 1421 345 1465 Verbera
364 1421 543 1483 'difficili
570 1435 664 1465 non
694 1423 818 1466 addat
844 1423 947 1465 dura
974 1421 1148 1471 labori3

147 1502 233 1546 Sed
261 1502 422 1546 resono
448 1514 615 1546 terrens
640 1503 880 1546 clamorum
907 1502 1158 1546 hortamine
1174 1536 1186 1555 ,
1208 1502 1326 1546 vastfi

149 1583 277 1628 Voce
295 1583 436 1641 magis
454 1616 467 1636 ‚
489 1581 619 1639 qu'am
636 1583 711 1625 vel
730 1581 905 1625 stimulo
926 1582 1151 1639 plagisque
1169 1581 1386 1637 juvencos

148 1662 345 1720 Imperio
374 1661 544 1706 dociles
568 1662 738 1706 habeat.
773 1663 986 1707 Procerus
1017 1664 1180 1706 Arator

148 1744 411 1787 sulcandum
438 1742 562 1786 stivae
589 1743 770 1787 innixus
797 1754 924 1787 cavat
951 1742 1080 1787 altius
1107 1758 1286 1803 agrum,

150 1825 207 1867 Et
233 1826 360 1868 duras
387 1823 486 1868 nisu
516 1824 682 1881 rumpit
707 1824 880 1869 leviore
909 1827 1095 1869 novales
1119 1841 1134 1875 ·,

147 1906 444 1963 Incedensque
471 1918 592 1949 retro
617 1904 823 1962 prosciffa
850 1920 930 1962 per
955 1920 1135 1963 aequora
1152 1939 1164 1960 ‚
1191 1905 1331 1950 tauris·

145 1986 345 2039 CeIfior,
370 1999 591 2030 extremas
618 1988 798 2030 oculum
823 1986 1021 2030 collimat
1049 1988 1102 2030 ad
1127 2001 1225 2031 oras
1253 2003 1268 2037 3

149 2066 482 2124 obliquumque
508 2066 636 2113 brevi
665 2081 779 2125 gyro
808 2066 1002 2111 deflefflt
1028 2079 1250 2118 arati-unu

132 2140 196 2191 'Si
225 2161 310 2203 qua
337 2147 433 2190 solo
459 2146 630 2202 jaceant
646 2180 659 2201 ,
680 2148 836 2205 quibus
860 2147 1082 2201 *obluctata
1109 2149 1286 2192 moveri

150 2229 279 2273 Colla
300 2229 436 2271 boum
468 2227 631 2285 poss'mt
646 2261 659 2282 ‚
687 2228 866 2273 allisave
891 2243 1055 2273 cornua
1077 2229 1235 2287 frangi.

210 2308 344 2352 Norit
370 2309 413 2351 &
439 2323 645 2368 agrorum
670 2323 817 2353 mores
835 2342 847 2360 ‚
879 2310 922 2352 &
948 2322 1121 2366 tempus
1147 2310 1326 2363 arandi,

148 2390 247 2433 Nec
264 2389 413 2432 duram
428 2390 621 2434 recludat
634 2389 817 2433 humum
831 2422 842 2442 ,
856 2390 931 2433 vel
950 2391 1002 2433 ab
1019 2389 1158 2433 imbre
1175 2391 1386 2435 lutosam:

151 2471 311 2514 Almus
340 2469 459 2515 enim
486 2482 615 2516 moto
640 2484 739 2516 cum
773 2473 959 2528 pulvere
984 2471 1135 2518 succus
1163 2471 1210 2515 in
1240 2485 1364 2514 auras
