1482 2834
532 262 824 320 LIBER
887 258 1044 320 XV.
1287 276 1404 339 349

163 357 406 418 Relliquias
435 375 575 407 coenae
602 363 760 407 menfis
785 364 858 407 dat
884 375 1024 407 verna
1047 358 1234 406 remotis
1256 375 1271 406 ε

163 441 372 484 Intestina
393 455 564 500 coquus
587 445 791 501 leporum
805 475 819 496 ‚
838 443 1064 500 piscesque
1090 443 1320 486 vorandos

164 521 361 567 Piscibus
379 555 393 576 ‚
422 524 466 566 δι
488 535 663 581 patrum
690 537 868 581 quoque
896 521 1079 580 proiicit
1105 522 1182 565 ilia
1207 521 1339 570 natis,

226 603 299 646 Tu
318 617 498 662 quoque
515 614 633 648 certa
650 604 815 648 docens
834 604 887 647 ad
906 603 1024 662 figna
1043 601 1199 646 venire
1221 613 1412 647 vocatos

166 680 409 727 Triticeam
435 684 609 743 sparges
638 684 830 742 segetem
849 712 861 733 ‚
888 683 1101 740 ludosque
1125 694 1352 726 natantum

164 761 376 820 Bellaque
391 763 636 821 despiciens
653 779 668 815 ς
682 765 759 807 vel
777 763 929 806 adaCto
945 763 995 806 in
1009 763 1176 823 viscera
1195 765 1380 819 plumbo
1397 768 1413 818 ,'

166 844 257 888 Vel
283 844 359 886 sub
389 858 501 900 aqua
528 844 661 887 miffis
687 857 830 888 nervo
859 845 1058 901 pulsante
1084 843 1235 902 sagitis
1251 873 1266 895 ,

166 924 373 970 'Venandi
396 924 539 968 studio
556 957 569 979 ,
594 925 702 968 solis
726 925 902 969 securus
929 925 972 968 &
997 924 1151 968 imbris
1169 958 1184 978 ,

165 1004 396 1063 Indulgere
420 1004 544 1049 domi
568 1003 772 1062 poteris;
799 1005 876 1049 seu
899 1004 1083 1049 flumina
1109 1005 1245 1062 piscis

168 1085 350 1129 Summa
375 1086 491 1129 secat
506 1119 520 1139 ,
547 1086 639 1130 five
663 1086 714 1130 in
736 1100 926 1131 vacuum
953 1086 1089 1131 micat
1114 1087 1214 1131 aera
1239 1087 1371 1132 saltu.'

227 1167 387 1224 Stagna
405 1181 533 1223 pares
552 1166 815 1224 ubicumque
827 1197 840 1217 ,
873 1181 1022 1212 novos
1042 1169 1262 1212 accersere
1286 1167 1415 1212 cives

165 1248 363 1304 Tempus
390 1247 515 1297 erit·;
540 1247 712 1304 primos
737 1258 873 1305 quum
900 1262 1008 1292 vere
1037 1249 1254 1306 cupidinis
1285 1249 1412 1307 ignes

166 1327 309 1371 Senfit
322 1341 472 1372 amans
490 1361 502 1381 ,
523 1328 701 1386 ipsaque
716 1330 863 1373 calens
882 1344 1062 1387 quoque
1082 1329 1214 1387 piscis
1231 1329 1279 1373 in
1293 1330 1411 1372 unda

165 1408 362 1451 Mutatas
386 1407 470 1451 vix
497 1408 630 1452 sentit
653 1423 820 1466 aquas;
848 1410 1163 1468 praegnansque
1189 1409 1381 1454 tumenti

162 1491 266 1533 Fert
292 1501 422 1533 utero
447 1489 596 1534 secum
622 1491 901 1534 numerosam
925 1491 1110 1535 foemina
1136 1493 1331 1548 prolem.

224 1571 374 1626 Quare
402 1585 482 1629 age
507 1571 685 1616 vicinos
708 1571 939 1616 humentia
965 1572 1055 1616 lina
1080 1587 1161 1630 per
1190 1587 1344 1619 amnes

162 1652 317 1695 Tende
334 1683 348 1704 ‚
377 1651 493 1694 dolis
521 1651 726 1711 instructa
750 1668 763 1697 ε
789 1654 944 1696 rubros
970 1651 1146 1696 innecte
1171 1655 1384 1707 colores‚‘

163 1732 322 1775 Vitrea
346 1746 461 1789 quos
485 1733 670 1789 cupidus
695 1732 890 1791 sequitur
915 1747 996 1790 per
1018 1733 1202 1778 flumina
1228 1734 1381 1792 piscis.

164 1813 379 1856 Praeterea
402 1811 527 1870 capta
551 1815 678 1856 velut
699 1812 806 1858 alite
831 1813 1012 1858 callidus
1038 1828 1198 1872 auceps
1252 1819 1255 1822 '

164 1892 321 1936 Utitur
344 1908 360 1943 ·,
387 1905 438 1935 ut
463 1895 612 1949 plures
637 1906 774 1937 vocet
799 1894 933 1938 unius
961 1908 1040 1939 ore
1064 1897 1309 1953 volucresg

167 1976 291 2030 Quas
320 1973 477 2031 pofitis
501 1973 623 2018 fallet
649 1974 819 2032 laqueis
836 2007 849 2029 ,
878 1975 1094 2033 viscoque
1118 1976 1284 2023 tenaci.

170 2054 358 2098 Retibus
383 2053 626 2111 implicitus
654 2053 729 2097 sua
755 2053 814 2098 fic
838 2053 887 2097 in
910 2054 1091 2098 vincula
1117 2055 1261 2112 pisces

172 2134 310 2179 Piscis
334 2134 425 2193 agit
451 2150 464 2180 ε
487 2146 658 2178 tantum
682 2133 861 2192 pofl'unt
884 2137 1111 2193 exempla,
1138 2137 1348 2182 timorem

163 2216 236 2258 'Ut
254 2213 470 2261 minuant.
489 2216 595 2260 Non
610 2215 767 2273 sponte
785 2228 931 2259 tamen
946 2215 1175 2275 studioque
1193 2217 1381 2264 nocendi

174 2294 314 2338 Cives
337 2295 414 2339 ille
437 2295 542 2339 suos
558 2327 574 2351 ,
598 2295 743 2340 nostra
768 2296 843 2340 sed
870 2295 1065 2354 perfidus
1094 2310 1186 2342 arte
1203 2331 1217 2355 ,

173 2375 357 2433 Decipit
380 2391 395 2426 ς
422 2375 467 2419 &
491 2387 622 2420 mutae
647 2376 786 2420 scelus
813 2377 1058 2421 excusabile
1081 2378 1224 2436 gentis
1243 2410 1261 2434 ,

174 2455 347 2516 Agmen
368 2456 422 2502 ab
448 2455 616 2503 infidias
641 2455 676 2504 fi
698 2469 792 2503 non
816 2455 1020 2505 absterret
1043 2457 1252 2506 amicum.
