1482 2834
100 218 221 284 '394
338 167 671 267 PRAEDrz
718 210 767 265 R
791 166 1083 268 tls-rtet

94 308 365 365 Semiputata
391 311 478 353 suis
505 312 695 367 pendant
722 326 816 368 quae
842 311 1013 354 brachia
1038 307 1205 355 truncis

95 388 340 446 signabunt
366 390 450 433 iter
473 392 723 450 ambiguum
751 407 761 434 ι
789 393 906 434 canis
931 392 1037 435 orbe
1063 389 1242 449 peratlo

94 469 241 512 Prima
269 470 532 527 quiescentis
552 474 715 530 releget
739 471 920 530 vestigia
946 472 1084 530 cervi.

93 549 220 592 Tunc
246 550 406 594 iterum
429 551 550 596 filvis
575 554 731 596 cedens
747 585 760 606 ‚
788 553 978 611 virgulta
1003 552 1214 613 refringes
1257 605 1261 607 μ

93 630 390 675 Monstratura
412 633 510 676 vias
533 649 545 682 ;
572 646 620 676 ut
642 648 775 690 quum
795 636 874 677 lux
894 618 1074 678 erastina
1093 634 1268 676 Mundo

93 712 278 755 Fulserit
295 746 307 764 ‚
334 713 507 757 indiciis
533 714 662 758 certis
689 715 731 758 δι
756 713 928 769 tramite
955 728 1068 758 noto

93 792 332 836 Hesternos
359 794 519 837 iterans
544 795 689 838 cursus
706 825 719 847 ‚
745 796 797 837 ad
822 793 997 851 pristina
1023 793 1147 855 noris

93 872 242 916 Lustra
259 874 394 917 feram
409 874 578 918 rediiss'e
599 891 610 919 :
629 876 789 932 pedum
811 888 902 919 tum
924 875 1112 934 denique
1138 848 1345 923 ferinam.

93 954 273 997 Avelles
298 954 506 998 humente
534 955 630 998 solo
657 971 670 1004 ·,
698 970 780 998 nec
810 956 922 999 ferre
952 956 1129 1013 pudebit

63 1054 66 1058 ’
93 1035 268 1077 Stercus
295 1035 433 1077 humo
453 1067 466 1088 ‚
487 1035 607 1078 cervi
628 1049 808 1092 propter
831 1036 985 1092 spelaea
1005 1068 1018 1088 ‚
1045 1048 1295 1093 repertum:

93 1115 156 1158 Ut
173 1117 270 1158 loca
291 1129 400 1158 mox
420 1114 618 1158 condicta
639 1128 791 1172 petens
808 1148 820 1168 ‚
839 1130 976 1185 quam.
989 1117 1166 1160 vincere
1186 1118 1327 1162 verbo

93 1197 199 1238 Non
224 1195 417 1252 poteris,
447 1195 603 1253 magna
629 1210 868 1239 venantum
897 1196 1056 1240 astante
1082 1197 1277 1249 corona,
1340 1238 1345 1244 ,

93 1277 193 1319 Hoc
220 1289 407 1334 utroque
435 1289 555 1320 tuam
584 1278 787 1320 defendas
813 1277 956 1321 indice
986 1279 1174 1324 causam.

152 1359 250 1403 Jam
271 1357 409 1414 pofita
428 1372 566 1414 prope
591 1357 727 1400 fontis
747 1372 877 1415 aquas
898 1358 943 1400 in
964 1359 1057 1414 cesf
1067 1359 1128 1403 ite
1149 1358 1325 1415 mensa,

94 1439 343 1484 Consedere
369 1440 456 1483 viri
478 1455 493 1490 ⁴,
518 1440 794 1496 fraudataque
819 1454 1004 1497 corpora
1028 1441 1187 1484 somno

94 1521 376 1577 Simplicibus
404 1532 555 1565 curant
582 1520 721 1576 epulis
747 1519 960 1577 hilarique
989 1521 1152 1578 Lyaeo:

91 1603 277 1659 Jamque
305 1616 459 1645 canum
486 1602 673 1644 clamosa
694 1603 856 1644 cohors
883 1603 1083 1661 epulatur
1108 1603 1148 1645 &
1172 1601 1266 1658 ipsa

94 1683 268 1726 Parcius
289 1698 302 1731 ·,
320 1695 375 1746 *ut
399 1682 530 1725 vacui
557 1682 693 1725 rabies
721 1696 896 1738 quoque
921 1682 1091 1725 ventris
1112 1684 1267 1725 edaces

94 1763 250 1807 Acrius
278 1763 326 1805 in
351 1777 529 1823 cervum
555 1762 771 1805 stimulet:
797 1761 873 1805 fibi
896 1776 1084 1820 namque
1113 1763 1291 1822 suisque

93 1846 326 1888 Venantur
353 1843 487 1887 catuli
510 1843 665 1886 menfis
687 1858 700 1891 ·,
721 1842 1009 1900 hominesque
1030 1842 1238 1906 ferasque·

93 1926 270 1987 Publiea
293 1925 520 1970 communi
547 1927 704 1967 dudum
733 1927 808 1968 lex
833 1925 1011 1983 colligat
1039 1926 1116 1970 usu
1132 1957 1147 1979 ‚

94 2008 159 2050 Ut
185 2007 395 2065 quantum
421 2008 592 2063 sperant
608 2040 620 2060 ‚
643 2006 810 2050 tantum
836 2007 914 2050 fibi
942 2021 1090 2051 mutua
1112 2007 1298 2066 proflua

155 2090 326 2132 Interea
353 2087 464 2131 miffi
489 2088 624 2130 variis
651 2103 675 2131 e
700 2088 890 2144 partibus
918 2090 1087 2148 adsunt·

95 2172 407 2227 Exploratores
433 2185 664 2213 nemorum
685 2186 697 2217 ·‚
717 2172 957 2227 praedaeque
986 2183 1166 2226 repertae

94 2252 409 2297 Demonstrant
434 2266 512 2308 per
534 2251 649 2309 figna
672 2253 830 2307 pedum
852 2250 1070 2294 manifesta
1090 2250 1324 2297 senestam0‘

156 2334 379 2378 Omnibus
405 2345 454 2376 ut
475 2332 667 2389 primum
694 2332 809 2374 fandi
838 2334 931 2374 data
959 2332 1084 2389 copia
1102 2365 1113 2383 ,
1137 2346 1293 2377 cervus
1320 2365 1324 2371 -

95 2415 279 2476 Eligitur
303 2414 449 2477 senior
464 2447 479 2470 ,
501 2428 632 2472 quem
652 2415 782 2472 plana
803 2427 883 2472 per
907 2426 1085 2472 aequora
1109 2414 1220 2460 οῦκ)

1435 923 1479 1241 ΞΜ
1430 714 1482 908 Ρθῑῃῖζζῑ
1444 682 1477 698 ς
