1500 2886
115 307 194 380 86
356 318 690 376 Pasa-1211
735 317 1099 376 Rvsrtct

115 417 324 464 Sustinuit
343 451 356 472 ‚
388 431 578 464 mortem
607 421 729 465 visus
756 422 920 464 calcare
948 423 1240 478 metumque3

114 501 341 558 Intrepido
370 502 535 546 vadens
561 516 639 559 per
666 502 793 546 strata
823 504 1029 547 cadavera
1057 501 1194 560 paffu.

173 583 380 625 fluxerat
397 584 512 627 unde
530 585 624 628 lues
642 617 655 638 ‚
673 583 779 628 hinc
798 585 842 628 &
860 585 1070 644 generosa
1089 598 1169 642 per
1185 583 1316 628 urbes

112 662 343 707 Finitimas
372 665 461 707 late
486 677 664 708 manant
691 667 926 721 exemplu
956 665 1186 723 sacrosque

115 743 261 788 Gallia
286 744 525 789 Pontifices
552 745 716 802 stupuit
738 745 915 803 pietatis
942 746 1076 789 avitae

114 825 292 870 AEmula
321 841 404 884 pro
434 826 613 883 populis
638 837 869 883 opponere
898 825 1079 882 pectora
1104 826 1263 879 letho,'

113 908 259 964 Atque
278 908 389 951 alios
408 906 619 965 quantam
643 906 814 950 meritis
833 908 879 950 &
894 907 1068 950 honore
1088 906 1316 950 Ministtos

113 989 385 1045 Exsuperant
401 1021 414 1042 ‚
447 989 617 1032 tannim
640 999 903 1045 contemptu
925 988 1104 1032 vincere
1130 987 1305 1031 mortis.

175 1070 273 1113 Hos
298 1069 416 1114 inter
441 1070 528 1114 fuit
554 1069 699 1112 audita
728 1069 804 1126 qui
833 1069 953 1112 clade
980 1069 1158 1111 suorum
1180 1100 1195 1121 ‚

113 1151 278 1207 Magna
306 1150 383 1193 fibi
406 1152 531 1193 velut
559 1148 807 1207 obtigerant
830 1148 1021 1192 haeredia
1041 1181 1053 1202 ‚
1081 1150 1259 1206 longam

115 1232 269 1289 Carpit
295 1245 413 1289 equo
442 1230 618 1275 cursore
643 1231 798 1281 viam3
829 1231 1087 1287 dulcemque
1110 1229 1277 1273 tuendo

115 1312 202 1355 Pro
221 1325 352 1371 grege
370 1325 464 1355 non
478 1323 680 1355 metuens
699 1311 848 1355 Pastor
864 1313 1008 1355 bonus
1026 1312 1152 1356 edere
1170 1310 1312 1354 vitam
1331 1342 1346 1362 ,

115 1391 221 1447 Qub
239 1404 477 1450 properant
495 1392 571 1436 alii
590 1426 602 1445 ‚
627 1393 837 1438 Domine
856 1392 968 1451 fugit
985 1391 1105 1436 urbis
1127 1392 1317 1449 asylum.

174 1472 368 1516 Nomina
387 1475 500 1517 clara
517 1473 664 1517 virfim
687 1506 700 1526 ‚
720 1488 807 1518 vos
829 1474 858 1516 ὂ
880 1476 890 1518 !
912 1455 1137 1516 snbducite
1154 1466 1280 1515 letho
1301 1501 1316 1524 ,

114 1554 319 1596 Heroum
344 1553 522 1597 meritas
549 1553 696 1598 vestro
723 1554 800 1611 qui
823 1553 1016 1597 carmine
1045 1553 1194 1595 laudes

114 1636 168 1677 In
193 1636 378 1692 longum
405 1634 573 1689 majore
597 1634 700 1678 tuba
728 1634 960 1678 demittitis
985 1628 1163 1677 aevum‘:

113 1716 209 1758 Nos
236 1715 385 1772 operis
410 1716 549 1774 coepti
576 1729 796 1760 memores
824 1725 1018 1758 armenta
1043 1715 1290 1770 sequamur.

175 1795 409 1839 Ruricolas
428 1775 533 1839 satis¹
545 1796 606 1839 est
625 1828 638 1849 ,
663 1795 740 1839 ubi
755 1795 939 1854 pinguia
955 1795 1110 1852 pascua
1125 1794 1283 1838 desunt
1300 1826 1316 1848 ,

112 1874 248 1923 Nofl'e
266 1876 405 1938 boves
427 1892 438 1920 z
458 1889 670 1933 pecorum
690 1876 842 1919 nutrix
860 1875 1074 1919 Arvernia
1094 1886 1252 1918 vaccas
1266 1906 1281 1930 ,

113 1957 280 2000 Educat
297 1990 309 2010 ,
342 1958 386 2001 &
415 1957 518 2001 laeti
546 1970 668 2001 curas
695 1957 910 2014 impendit
934 1956 1151 2001 habendo.

115 2028 264 2080 Vacca
283 2036 371 2081 suis
388 2037 556 2080 hiemat
573 2037 746 2081 stabulis
765 2054 777 2080 ι
797 2037 878 2079 nix
895 2036 1090 2095 undique
1110 2036 1275 2080 circitm

116 2117 297 2161 Occulit
327 2119 519 2162 albentes
550 2130 711 2176 agi-053
742 2129 1021 2174 armentaque
1049 2117 1175 2175 longi

115 2199 312 2242 Carceris
341 2199 542 2256 appofito
570 2198 805 2242 sustentant
831 2198 958 2241 taedia
984 2199 1089 2242 feno
1111 2213 1123 2242 t

115 2279 202 2321 Sed
229 2279 407 2335 liquidae
436 2278 561 2322 fimul
588 2293 637 2322 ac
662 2278 762 2322 altis
790 2277 815 2322 ὲ
841 2279 1066 2330 montibus
1096 2279 1201 2323 auri

114 2360 138 2403 J
144 2373 215 2401 am
238 2359 386 2415 tepida
411 2360 580 2404 fluxere
605 2360 734 2410 nives
755 2394 768 2414 ‚
799 2363 1026 2419 longoque
1053 2361 1197 2405 soluta

114 2439 295 2497 Frigore
322 2440 516 2484 nascenti
543 2442 674 2485 tellus
703 2442 747 2485 se
773 2441 920 2485 vestiit
942 2441 1108 2492 herb33

115 2521 240 2566 Tunc
267 2521 411 2567 veluti
437 2537 571 2580 quum
597 2523 715 2581 figna
742 2525 854 2567 tubae
884 2525 1080 2585 cecinere
1099 2555 1112 2576 ,
1138 2521 1303 2566 relistis
1364 2515 1369 2519 ’
