1500 2886
140 251 214 312 80
385 252 713 310 PRAEDII
756 247 1174 310 Rvsrtci··

130 350 234 409 Qua
258 353 400 398 veluti
429 367 566 397 cavea
593 353 792 407 clausus,
817 352 1061 412 validisque
1087 354 1280 412 capistris

129 434 232 477 Alte
260 433 484 477 substri&a
516 435 764 505 quadrupes
793 434 1000 487 cervice,
1027 436 1284 480 medentum

130 516 335 562 Arbitrio
351 516 503 559 succos
535 503 694 558 nolens
721 516 919 559 absorbet
943 530 1135 561 amaros.

194 579 421 662 Claudicat
440 597 664 641 interdum
684 609 864 641 taurus·
856 627 869 647 ,
893 613 975 641 nec
992 598 1190 642 vulneris
1209 600 1300 642 ul'a

130 678 262 736 Signa
282 690 464 735 patent:
487 679 519 721 fi
539 693 665 722 crura
685 693 818 722 manu
836 679 1042 737 palpere,
1070 679 1240 722 doloris

98 807 102 811 ,
129 759 368 815 Impatiens
387 759 629 817 docetipse
647 761 795 819 locum
815 792 828 812 ‚
849 774 938 816 quo
958 761 1134 818 sanguis
1154 760 1370 805 inhaerens

129 840 302 883 Putruit
330 840 491 885 effusus
516 841 677 891 venis·,
710 841 866 884 saevire
892 841 1055 885 salubri

127 922 205 965 Nil
224 921 371 968 dubita
393 923 510 966 ferro
528 955 542 975 ,
579 922 899 980 vomicamque
924 923 1093 981 aperire
1111 925 1338 969 latentem.

128 987 268 1046 Ulcus
292 1003 368 1047 ubi
393 1014 514 1049 tenet
542 1003 631 1046 ima
656 1005 818 1060 pedum
836 1036 850 1056 ‚
879 995 1138 1058 rescinditur
1160 1005 1322 1064 unguis
1342 1019 1347 1023 ·

127 1086 197 1128 Ad
214 1084 410 1145 *vivum3
440 1085 484 1128 δε
508 1085 677 1141 scalpro
707 1084 847 1128 sanies
872 1084 1081 1142 stupaque
1103 1086 1246 1130 bibaci

127 1165 387 1208 Detrahitur
410 1181 422 1210 ε
450 1177 546 1208 tum
574 1180 652 1222 pes
678 1165 805 1210 vario
829 1165 1118 1210 medicamine
1141 1166 1265 1211 fotus

127 1246 330 1292 Induitur
358 1247 498 1291 soleas
520 1263 534 1296 ·‚
563 1247 846 1305 incinaaque
872 1249 1040 1304 spartea
1063 1247 1229 1300 circum

124 1311 272 1372 Fascia
294 1329 445 1372 lethali
470 1331 640 1387 plagam
667 1330 862 1373 defendit
890 1332 941 1374 ab
966 1331 1123 1375 imbre.

188 1408 394 1453 Oceanus
420 1410 607 1453 scabiem
633 1411 909 1454 mordacibus
935 1411 1046 1454 eluit
1072 1412 1200 1456 undis
1221 1427 1235 1456 ε
1262 1459 1263 1462 ¹

127 1491 175 1534 Si
203 1489 367 1534 medias
396 1491 566 1534 habites
592 1495 682 1534 alto
710 1495 866 1548 procul
895 1507 1072 1550 aequore
1099 1505 1270 1542 terras;

125 1571 309 1615 Auxilio
334 1572 543 1623 veniant,
576 1574 653 1615 vel
678 1587 816 1630 aquas
845 1572 1016 1616 imitata
1044 1573 1232 1616 marinas

125 1654 329 1718 Lympha
356 1654 503 1711 gravis
531 1635 616 1696 sale
640 1686 653 1707 ‚
681 1655 756 1697 vel
783 1655 890 1711 pelli
918 1653 1286 1712 defrifla‘rigenti

126 1736 242 1778 Allia
263 1768 275 1788 ,
301 1738 376 1779 vel
401 1735 556 1792 pingui
584 1735 771 1778 dilutum
794 1736 973 1792 sulphur
997 1736 1187 1780 amurca.

134 1801 147 1815 ι
187 1817 321 1860 Pestis
349 1816 460 1860 inest
486 1816 611 1859 corio
639 1817 782 1871 major
799 1850 812 1870 ,
844 1832 980 1874 quum
1007 1819 1122 1861 forte
1151 1815 1321 1875 tepenti

125 1899 215 1954 Bos
238 1899 394 1942 sudore
423 1900 601 1941 madens
631 1898 773 1957 gelida
801 1898 974 1942 refrixit
1000 1900 1052 1942 ab
1079 1899 1216 1949 ἰωήν,

124 1981 302 2023 Haereat
328 1979 534 2029 eminulis
559 1991 607 2021 ut
632 1979 720 2034 jam
749 1979 865 2022 cutis
890 1979 1006 2022 arida
1034 1978 1181 2022 costis.

123 2062 342 2117 Decoque
367 2059 577 2103 florentes
602 2061 750 2102 lauros
767 2091 780 2112 ‚
810 2060 853 2101 ὃ(
878 2059 971 2102 sole
994 2058 1070 2101 sub
1094 2059 1192 2114 ipso

125 2142 267 2198 Terga
291 2140 451 2183 fovens
472 2171 485 2192 ‚
514 2139 747 2195 superadde
773 2139 909 2182 fraces
933 2139 1160 2195 fecemque
1182 2140 1327 2198 Lyaei.

187 2221 426 2265 Solvantur
451 2234 578 2263 venae
599 2251 612 2271 ‚
643 2218 819 2275 quoties
844 2219 1031 2262 luitatus
1056 2219 1222 2276 iniquis

125 2303 294 2344 Taurus
311 2300 423 2359 agris
441 2333 454 2353 ,
486 2300 563 2342 fibi
579 2300 827 2343 contuderit
841 2302 916 2342 vel
933 2302 1046 2344 colla
1066 2302 1140 2343 vel
1159 2315 1325 2345 armos.

125 2382 173 2424 Si
193 2380 334 2434 media
351 2381 559 2424 intumuit
577 2380 733 2425 cervix
750 2413 763 2434 ,
787 2395 928 2437 neque
948 2381 1122 2438 sanguis
1142 2394 1326 2438 utraque

125 2462 281 2506 Missus
305 2463 356 2514 ab
381 2462 575 2506 auricula
595 2463 701 2521 quid
726 2462 924 2521 profuit;
949 2461 1072 2506 illine
1091 2461 1250 2504 sebum
1312 2507 1316 2511 ‚

1086 2540 1088 2542 ’
1118 2539 1352 2587 Hir-einum
