1500 2886
522 232 834 291 LIBER
899 189 1004 292 Vs
1260 250 1377 314 ¹19

53 323 57 326 “
125 333 293 380 Vivaci
323 335 375 379 de
400 333 530 395 stirpe
553 318 703 379 ¹novas
730 335 913 380 educere
937 334 1105 395 virgas.

190 418 324 459 Eruat
340 449 353 469 ‚
385 417 429 459 &
460 417 626 460 brumae
654 415 731 459 sub
758 415 926 473 frigora
952 415 1098 474 prima
1125 416 1314 461 colonus

128 498 331 541 Radicata
358 498 470 541 serat
497 496 667 540 truncis
694 496 910 553 plantaria
934 497 1101 542 ramis:
1170 535 1176 543 .

126 581 214 622 Sed
242 591 371 636 caput
400 590 501 622 ante
525 580 622 622 luto
650 579 772 622 velet
794 578 1042 636 muscoque
1069 577 1268 631 virenti,

127 661 183 703 Et
211 660 374 704 vinclis
401 658 666 716 constringat
691 672 706 707 ς
730 658 874 702 hiems
900 672 956 702 ne
980 650 1151 717 friffore
1176 671 1316 703 venas

120 740 358 798 Occupet,
381 741 424 784 &
450 740 545 783 tota
571 739 778 784 desaeviat
803 741 958 784 arbore
983 735 1135 797 pestis.

191 820 470 864 Gaudentem
492 821 624 865 clivis
651 823 796 865 oleam
819 834 1049 878 ventoque
1077 819 1213 865 sei-aci

127 890 371 946 Ordinibus
399 902 534 946 serito
559 902 673 947 laxis
699 919 714 954 ;
742 915 794 947 ut
819 903 1044 960 utrimque
1069 914 1272 960 patentes

126 985 329 1041 Explicet
345 1017 359 1037 ‚
390 984 435 1027 &
459 985 547 1027 late
571 985 795 1041 quondam
819 985 1054 1041 protendat
1080 982 1129 1026 in
1155 984 1313 1028 orbem

130 1064 323 1108 Grandis
343 1063 467 1107 oliva
485 1078 665 1108 comas:
690 1079 793 1108 nam
814 1079 910 1122 quae
931 1076 1061 1122 caput
1081 1064 1213 1107 ardua
1230 1063 1352 1108 coelo

130 1147 394 1189 Coniferum
418 1135 540 1188 tollit
555 1177 569 1198 ‚
594 1144 702 1189 raris
728 1146 772 1190 se
794 1144 1005 1190 fruffibus
1030 1146 1159 1189 arbor

130 1227 278 1270 Induit
295 1259 307 1278 ‚
336 1227 381 1270 &
405 1225 500 1270 sola
523 1225 737 1269 foliorum
761 1226 974 1269 exuberat
995 1224 1169 1270 umbra.
1222 1237 1231 1259 s

192 1308 342 1350 Altior
365 1290 557 1351 emineat
581 1319 762 1351 truncus
777 1339 791 1360 ‚
819 1321 877 1351 ne
905 1307 1101 1364 pondere
1126 1319 1284 1366 curvas

131 1388 261 1433 Grex
284 1387 417 1431 avido
440 1386 570 1444 poffit
593 1387 771 1431 frondes
792 1383 1029 1449 [depascere
1053 1388 1222 1434 morsu.

130 1468 287 1511 Erecto
312 1467 460 1512 viden‘
486 1479 534 1510 ut
562 1469 683 1519 collo
707 1467 905 1517 sublimis
931 1468 982 1512 in
1005 1469 1123 1513 imos

131 1549 314 1593 Attollit
342 1550 387 1592 se
413 1550 698 1607 capra‘pedes
730 1564 745 1599 3
773 1550 807 1593 fi
831 1550 947 1594 forte
969 1550 1126 1595 diebus

131 1630 315 1674 AEstivis
340 1631 531 1675 humiles
559 1631 674 1675 inter
700 1630 935 1675 stabulatur
960 1632 1123 1678 oiivas.

130 1712 268 1755 Dilue
296 1712 413 1755 foeda
435 1713 572 1755 boum
600 1712 790 1756 coenofis
815 1711 1003 1756 stercora
1025 1711 1258 1771 lymphis&

132 1793 340 1850 Quasque
367 1793 468 1836 suus
488 1807 567 1850 per
591 1793 636 1837 se
663 1793 766 1837 satis
792 1794 907 1838 baud
932 1794 1125 1838 defendit
1151 1799 1359 1855 amarorg

132 1874 296 1932 Ingrati
324 1886 465 1917 tutare
492 1888 642 1917 comas
667 1874 894 1934 aspergine
917 1876 1051 1922 roris.

194 1955 240 1998 Si
269 1954 421 1998 nimiis
447 1954 639 2012 agitetur
666 1954 786 1999 iners
813 1955 1037 2001 arbuscula
1061 1957 1210 2002 ventis
1229 1990 1246 2012 ‚

130 2037 222 2086 ¹‘Vel
251 2035 369 2079 flecti
398 2035 542 2079 facilis
570 2036 701 2079 dorso
725 2037 908 2080 decedat
932 2037 1122 2095 iniquo3

137 2118 338 2171 Quercus
359 2130 492 2173 opem
509 2115 651 2174 prope
669 2115 760 2160 fixa
779 2117 897 2161 dabit
913 2150 926 2170 ‚
945 2118 1198 2176 rectamque
1211 2118 1390 2168 ‘docebit

137 2199 272 2244 Actes
298 2197 404 2241 stare
428 2199 575 2243 Notos
601 2213 756 2243 contra
781 2200 1061 2257 Boreamque
1090 2200 1328 2250 furentem.

140 2280 449 2336 Tempestivus
472 2280 547 2324 ubi
574 2280 738 2325 nimbis
765 2282 809 2326 fe
831 2282 994 2326 fuderit
1018 2282 1191 2333 iuben

139 2363 228 2404 Aut
255 2363 374 2405 oleas
399 2362 543 2406 fodito
572 2363 739 2407 circum
759 2396 772 2418 ‚
795 2366 870 2408 vel
896 2376 1018 2408 totus
1044 2376 1190 2416 narro

139 2441 450 2489 Proscindatur
477 2458 580 2505 ager
601 2461 618 2497 ·,
646 2446 803 2505 mribus
827 2447 955 2492 arbos
981 2446 1125 2491 excita
1152 2444 1269 2491 curis

588 2542 592 2545 ’
1023 2527 1067 2570 H
1099 2525 1147 2572 iv
