1500 2886
85 262 158 327 50
321 245 651 300 PRAEDII
697 243 1070 304 Rvsr‘lct

76 345 215 390 Dolia
232 379 245 399 ‚
270 345 446 403 purgari
464 346 620 390 villam
640 347 947 404 frumentaque
964 378 977 400 ‚
1007 348 1137 393 funes

76 427 240 472 Sat-ciri
268 427 386 479 jubet
406 459 420 480 ‚
456 427 500 469 δε
531 426 698 470 stabulo
729 427 900 471 fumosa
930 427 1127 472 canistris

78 511 283 554 stercora
310 508 467 551 deferri
491 541 503 560 ‚
532 507 687 551 rastros
720 508 763 551 &
793 520 933 551 aratra
958 508 1101 565 parari
1121 540 1137 563 ,

77 589 303 648 Lignaque
331 588 617 648 flammigeris
646 587 756 632 findi
786 578 954 643 majora
981 589 1184 635 caminis,

138 672 245 723 Non
262 671 493 714 hominem
514 684 632 714 vano
652 671 855 713 sermone
875 683 1072 714 moratur
1081 670 1285 728 Aruspex
1299 702 1316 725 .
1334 692 1340 697 ·

76 753 172 796 Nec
195 753 320 796 focus
340 765 414 796 aut
439 766 565 810 nugae
584 753 808 796 fabrorum
824 784 838 805 ‚
871 751 1036 809 quique
1061 766 1140 809 per
1164 753 1318 797 urbem

79 833 310 890 Agricolas
342 835 395 877 ad
419 833 523 877 vina
549 847 715 877 vocant
744 833 922 878 venalia
949 833 1077 876 rami.

78 915 185 956 Non
209 915 377 972 laqueis
399 917 603 959 volucres
625 949 637 969 ,
671 929 764 958 non
781 915 907 958 visco
933 913 1099 972 decipit
1121 927 1282 972 auceps
1299 946 1317 968 ,
1367 928 1369 930 ·
1387 929 1393 936 ’

78 994 174 1038 Nec
200 995 379 1040 canibus
398 995 594 1053 sequitur
615 997 790 1052 lepores
816 994 1035 1044 venat6r3
1063 996 1107 1038 δι
1127 997 1288 1038 almam

77 1076 276 1133 Negligit
295 1076 461 1119 interea
485 1077 676 1133 segetem
700 1108 711 1129 ,
746 1076 951 1133 vitesque.
969 1077 1194 1121 colendas.

141 1156 320 1213 Oppida
334 1171 454 1200 rarus
467 1156 556 1199 adit
569 1189 580 1207 ,
594 1170 729 1213 quum
741 1170 810 1199 res
827 1157 871 1199 &
885 1158 1119 1200 commoda
1130 1156 1320 1213 poscunt

76 1238 304 1294 Tempora
320 1269 333 1291 ‚
363 1237 554 1280 servatas
586 1237 733 1294 fruges
761 1249 811 1280 ut
834 1238 998 1280 vendat
1018 1270 1031 1290 ‚
1059 1238 1256 1299 ovesque

79 1317 314 1362 Morbosas
332 1351 345 1371 ,
372 1318 634 1375 vetulosque
658 1319 797 1361 boves
814 1350 830 1372 ‚
862 1318 906 1360 &
924 1319 1091 1361 vellera
1110 1321 1221 1362 lanae
1240 1334 1256 1368 3

79 1399 145 1442 Ut
164 1412 325 1455 pueros
354 1398 550 1441 hiemem
579 1412 734 1441 contra
755 1397 1018 1454 praemuniat
1038 1431 1051 1451 ,
1087 1398 1318 1457 ipsamque

79 1479 264 1523 Utiliter
292 1475 493 1534 sponsam
525 1492 618 1522 non
649 1481 765 1521 culte
790 1478 974 1533 vestiat,
1009 1479 1105 1521 auri

81 1558 239 1603 Parcus
261 1592 274 1612 ,
307 1561 351 1603 &
377 1559 531 1603 urbani
558 1572 759 1603 metuens
785 1560 990 1618 contagia
1016 1560 1182 1614 luxus,

78 1641 277 1697 Quaeque
295 1642 440 1685 bonos
459 1644 663 1700 exempla
679 1643 831 1695 valent
851 1655 1130 1699 corrumpere
1148 1655 1317 1689 mores·

135 1721 398 1779 ,Indignatur
426 1722 546 1766 enim
571 1723 761 1782 segetem
794 1736 890 1779 quae
922 1720 1072 1780 jugera
1100 1733 1280 1767 centum

78 1801 299 1849 Vestierat
319 1835 333 1856 ‚
363 1802 447 1846 vix
478 1803 698 1846 Matronae
729 1802 833 1846 satis
865 1801 950 1845 effe
978 1803 1195 1860 tegendae.

80 1883 298 1940 obstupet
326 1883 529 1939 inprimis
558 1897 694 1940 quum
719 1882 882 1939 spectat
911 1882 960 1924 in
982 1883 1090 1925 urbe
1113 1881 1284 1927 Puellas

78 1965 137 2010 Et
166 1967 333 2009 Matres
359 1965 475 2022 palla
500 1964 707 2008 discidia
734 1965 894 2007 vadere
913 1996 926 2017 ‚
960 1964 1103 2006 nudos

78 2048 287 2091 Exertate
320 2047 435 2090 finus
456 2078 470 2099 ,
503 2047 547 2088 &
576 2046 592 2099 (
615 2060 713 2103 quae
743 2057 997 2102 tegumenta
1026 2041 1210 2100 pudoris

33 2130 36 2133 ’
79 2127 294 2185 Repperit
320 2127 473 2171 afflicti
502 2128 663 2170 vesana
692 2126 869 2169 licentia
897 2124 1114 2180 morum)

81 2207 315 2264 Purputeis
346 2209 526 2265 grandes
559 2208 757 2250 intexere
787 2206 974 2249 vestibus
1001 2207 1160 2259 orbes,

79 2290 293 2345 Qualibus
323 2289 398 2332 ille
426 2290 537 2332 solet
558 2290 636 2332 sua
662 2288 835 2346 cingere
863 2287 983 2330 dolia
1011 2286 1193 2331 vinclis.

81 2371 283 2425 Occupat
307 2383 393 2411 una
421 2371 517 2411 vias
544 2369 754 2424 laxosque
781 2369 1028 2423 canephora
1051 2367 1183 2411 vicos
1207 2382 1224 2418 ;

82 2451 265 2510 Vixque
292 2451 391 2494 suas
413 2449 550 2494 intrat
578 2451 749 2495 foribus
776 2449 1073 2506 bipatentibus
1102 2450 1218 2495 ae-les
1230 2455 1252 2504 ,'
