1500 2834
63 439 68 442 ’
159 430 1302 521 Ὶ--ἣῇ-ςῗ-ς--κτ--εῒ

217 572 563 644 LIBER
643 566 1254 641 SEPTIMUS.

487 712 979 787 VERE-fEsnm.
1043 736 1099 749 fv-

118 789 233 890 a&
246 857 280 888 Ν
292 857 326 887 n
339 856 375 889 υ
388 856 424 888 u
437 855 460 888 s
486 843 707 902 Agricolis
725 843 838 888 ordo
854 838 1123 899 breviorque
1146 838 1348 884 laborum

115 909 295 968 Summa
313 924 425 968 mihi
443 926 647 969 tradenda
664 957 676 978 ‚
705 924 828 981 prius
846 921 978 981 quarn
997 922 1162 980 singula
1187 920 1319 965 versu

114 992 355 1064 Persequar
377 1023 389 1051 ε
416 1006 466 1049 in
490 1018 644 1050 tenues
669 1005 783 1051 mris
806 1006 1062 1050 descendere
1091 1017 1214 1048 curas
1232 1034 1246 1055 ,

94 1085 171 1131 'Si
188 1089 309 1147 piget
329 1122 343 1142 ‚
362 1089 476 1132 hanc
497 1101 671 1131 mecum
694 1088 847 1131 saltem
872 1085 1129 1144 cognoscite
1146 1095 1316 1142 partem
1333 1089 1352 1138 ,⁴

117 1170 212 1225 Qui
239 1169 388 1214 colitis
414 1169 601 1228 pingues
627 1169 777 1226 operis
799 1168 1031 1212 venalibus
1062 1181 1209 1225 agros.

177 1253 229 1295 Id
255 1252 435 1295 solitum
459 1251 592 1294 vobis
616 1264 731 1293 nunc
758 1250 953 1293 incusare
979 1247 1169 1305 querelis

80 1387 91 1395 ἱ
116 1331 268 1376 Sidera
284 1365 298 1386 ‚
326 1346 444 1375 nunc
468 1330 656 1374 sterilem
680 1329 793 1374 falfis
822 1328 1030 1373 inceffere
1055 1340 1217 1372 terram

116 1413 418 1471 Opprobriis;
441 1410 560 1470 qubd
585 1410 714 1456 ceffet
738 1410 856 1455 iners
873 1443 886 1464 ,
912 1409 1143 1469 lassataque
1168 1424 1283 1454 raras

115 1495 214 1541 Jam
239 1493 379 1551 pariat
404 1494 571 1552 segetes
596 1508 608 1537 ε
637 1492 760 1551 atqui
785 1506 867 1537 nec
892 1491 1027 1536 sidera
1050 1492 1155 1536 coeli

114 1578 352 1621 Mutavere
377 1575 503 1619 vices
529 1590 543 1624 ;
570 1589 714 1632 neque
737 1573 835 1631 post
859 1586 929 1618 tot
953 1574 1094 1619 secula
1116 1585 1255 1619 mater

85 1672 94 1677 ’
114 1658 246 1702 Alma
271 1656 420 1700 virum
444 1655 577 1699 senio‘
593 1657 723 1700 tellus
747 1654 877 1700 effeta
900 1655 1103 1713 quievit:

117 1739 205 1782 Sed
230 1738 352 1781 cultu
375 1735 500 1793 viget
517 1768 531 1788 ,
554 1748 759 1779 :eternam
781 1734 935 1780 sortita
963 1735 1223 1791 juventam·,
1254 1788 1257 1792 Ι

117 1820 173 1862 Et
200 1817 314 1862 curis
340 1815 573 1862 hominum
596 1815 776 1875 jugique
799 1817 992 1862 exercita
1014 1818 1132 1862 ferro
1148 1851 1162 1872 ‚

116 1883 355 1943 Primaevas
383 1909 552 1955 reparat
571 1896 692 1942 vires
717 1912 732 1948 ;
762 1911 844 1943 nec
869 1897 1058 1944 inertior
1082 1899 1209 1944 annis

116 1980 343 2026 Dedidicit
357 1991 580 2034 veterem,
601 1979 750 2024 nostro
769 1980 841 2025 sed
860 1980 1044 2026 crimine
1056 2014 1069 2033 ‚
1091 1983 1286 2028 laudem.'

179 2064 293 2119 Quae
320 2061 518 2107 manibus
544 2062 709 2106 sulcare
736 2061 825 2106 suis
853 2077 961 2122 gens
986 2063 1124 2121 prisca
1148 2063 1313 2109 solebat
1328 2070 1346 2120 ,'

115 2147 213 2193 Nos
239 2142 542 2191 avidi'fruasts
558 2172 571 2195 ,
597 2142 983 2201 imprudentesque
1007 2144 1208 2189 laborum
1223 2177 1239 2199 ‚

116 2226 310 2272 Horrida
334 2224 469 2269 furaci
490 2223 785 2282 permittimus
815 2239 919 2269 arva
947 2226 1146 2275 colono;

116 2310 213 2352 Nec
232 2307 374 2364 pudor
391 2304 451 2350 est
467 2305 714 2349 Dominum
733 2305 885 2349 servos
905 2306 1055 2350 audire
1074 2308 1282 2353 docentes
1299 2314 1317 2363 ‚⁴

120 2388 270 2445 Usque
297 2400 444 2431 novos
468 2399 634 2432 tentare
662 2389 821 2431 modos
838 2416 851 2438 ,
880 2399 1104 2445 artemque
1128 2390 1302 2434 colendi

120 2470 225 2515 Non
254 2468 332 2513 nifi
356 2482 436 2527 per
460 2469 639 2530 grandes
664 2471 888 2528 peccando
913 2469 1076 2515 discere
1101 2471 1317 2530 sumptus,

997 2553 1032 2598 L
1065 2551 1112 2608 iij
