1482 2834
79 230 195 318 306
326 223 663 291 PRAEDII
707 219 1075 277 Rvsrtct

82 339 238 396 Quum
253 333 454 380 trucibus
467 330 559 375 fera
575 323 703 370 saevit
716 321 862 366 hiems
876 308 1176 374 Aquilonibus
1189 339 1204 362 ‚
1213 307 1384 351 almam

84 416 321 477 Unguibus
346 409 556 457 incassum
581 417 744 452 terram
767 399 998 454 rostroque
1013 382 1226 450 fatigantt
1299 425 1327 436 ,.

86 501 219 547 Pasce
242 497 412 549 libens,
435 500 692 546 vanumque
716 482 817 542 pius
843 479 1053 524 miserere
1077 472 1274 517 laborem
1289 492 1305 521 ‚

90 584 149 628 Et
171 589 448 639 quacumque
472 572 546 617 die
568 569 638 614 bis
664 564 863 611 mensam
886 570 1064 617 appone
1085 550 1261 599 vocatis
1277 581 1292 603 ‚

94 663 295 710 Primum
319 657 398 703 ubi
420 668 541 700 nona
558 652 723 696 famem
749 643 858 696 coeli
883 635 1115 697 collegerit
1137 633 1280 679 hora3

97 744 349 799 Blandaque
364 750 483 782 turre
499 735 628 791 super
643 728 878 774 miscentes
894 730 1118 765 murmura
1134 747 1148 766 ,
1167 710 1342 757 vistuni

101 823 308 870 Sollicito
332 819 517 878 poscunt
541 810 724 870 strepitu
749 823 764 859 ·,
789 804 1048 859 rursumque
1074 792 1263 842 vocabis

102 908 174 951 Ad
197 917 371 958 coenam
397 901 571 943 labente
596 893 667 939 die
686 923 699 944 ,
728 901 864 947 quum
889 882 1004 927 teeta
1029 879 1241 922 volucres

104 987 253 1034 Idaliae
271 1018 284 1038 ‚
311 983 429 1027 coelo
455 978 547 1034 jam
571 971 802 1030 frigidiore
822 999 836 1021 ,
858 962 1074 1009 revisunt.

167 1066 244 1111 Ast
266 1063 343 1108 ubi
367 1062 434 1104 sol
458 1054 628 1101 medius
649 1048 882 1094 breviores
904 1041 1061 1087 fecerit
1083 1037 1294 1082 umbras-3

108 1151 243 1196 Parce
269 1143 412 1189 subire
437 1142 597 1184 domos
616 1164 628 1184 ,
657 1112 970 1185 intempestiva
993 1123 1171 1169 daturus

108 1228 328 1276 Prandia:
352 1237 455 1268 nam
480 1214 710 1270 thalamis,
743 1218 899 1255 curent
923 1215 973 1250 ut
998 1212 1213 1259 corpora,
1239 1194 1331 1238 sese

110 1315 406 1367 Componunt
431 1302 592 1346 iterum
607 1329 620 1350 ‚
648 1295 691 1338 δι
716 1288 862 1336 media
888 1285 1008 1345 quafi
1034 1279 1167 1327 noste
1191 1278 1362 1321 filetur·

179 1393 228 1437 Si
256 1403 353 1448 quae
378 1386 495 1430 forte
521 1382 656 1436 dapes
679 1371 821 1432 magis
846 1367 1028 1414 arrisere
1056 1360 1267 1416 columbo
1285 1389 1300 1409 ‚

119 1473 186 1520 Ut
208 1471 340 1517 viciae
358 1500 371 1521 ‚
399 1467 445 1509 δι
461 1460 638 1507 milium
655 1490 667 1510 ‚
695 1456 740 1499 δι
762 1448 968 1510 pauentis
989 1457 1120 1505 grana
1137 1435 1338 1490 cumini,

122 1558 247 1602 Vere
277 1549 400 1596 dabis
427 1562 442 1591 t
466 1557 570 1588 nam
595 1552 704 1585 vere
730 1533 841 1580 cibis
867 1526 1126 1575 melioribus
1152 1519 1287 1565 altrix

124 1639 276 1684 Mater
293 1642 393 1689 eget
410 1658 424 1682 ,
449 1621 711 1678 sobolesque
731 1611 905 1662 :hiemi
928 1610 1160 1654 serventur
1186 1610 1342 1645 avenae

125 1721 184 1766 Et
209 1712 361 1760 cribris
389 1717 566 1752 excreta
591 1701 726 1744 Ceres
741 1727 755 1751 ‚
780 1690 1043 1754 glandesque
1067 1684 1268 1730 minutae.

191 1800 304 1842 Sunt
318 1785 467 1835 medii
477 1783 665 1845 gaudent
681 1776 759 1837 qui
773 1773 948 1833 pascere
966 1769 1120 1814 chorte
1136 1760 1389 1808 columbas}

130 1878 223 1926 Seu
243 1885 377 1934 pecus
402 1868 616 1925 aligerum
638 1862 808 1918 placeat
831 1862 1062 1899 numerare
1081 1863 1096 1897 ·,
1121 1845 1360 1889 cubantum

136 1965 227 2007 Seu
249 1965 441 2002 matrum
467 1949 639 1992 dulcem
669 1938 818 1985 nolint
842 1936 1015 1980 turbare
1041 1927 1254 1987 quietem.

139 2041 191 2087 Si
214 2051 315 2083 mos
339 2034 416 2078 ille
439 2028 566 2085 iuvat
583 2058 596 2080 ,
622 2034 786 2068 certam
809 2019 1052 2062 doceantur
1075 2010 1129 2053 ad
1152 2008 1311 2052 horam

0 2078 3 2099 (

1 2125 4 2184 ᾗ
140 2126 391 2180 Urgentem
415 2113 605 2156 tolerare
629 2106 792 2150 famem
816 2116 832 2151 ·‚
856 2101 959 2143 dum
984 2093 1104 2138 sibila
1128 2088 1281 2133 mittas

1 2189 5 2278 l
140 2199 406 2260 Exspec'tata
429 2193 505 2237 diu
520 2220 535 2245 ‚
560 2185 809 2232 clamosave
834 2176 1035 2238 cymbala
1058 2170 1237 2230 pulses;

148 2289 241 2332 Aut
264 2278 387 2324 allisa
410 2285 547 2318 manu
570 2265 763 2325 repetito
786 2261 971 2307 verbere
998 2256 1104 2299 saxa

147 2369 275 2414 ‘Dent
295 2356 491 2405 sonitum
506 2384 520 2408 ,
539 2358 770 2404 totamque
788 2349 957 2388 vocent
974 2336 1028 2381 ad
1045 2330 1204 2391 pabula
1219 2325 1414 2384 gentem«.

152 2449 282 2496 Paret
296 2472 314 2500 ,
339 2441 384 2485 &
406 2435 561 2482 audito
585 2422 855 2477 circumfluit
878 2417 1080 2474 undique·
1098 2411 1222 2471 signo
1238 2435 1256 2461 ‚
