1482 2834
114 210 234 277 2⁵82*
325 216 698 277 'PRAEDM
736 215 1156 279 'Rvsr'te't

16 338 43 358 ts,
86 320 167 370 .Et
191 321 408 378 Zephyris
433 334 613 380 purgata
639 323 722 366 fuit
742 339 756 374 ·,
783 324 885 367 dum
906 323 1000 366 sole
1023 307 1210 379 tepenfti'
1232 304 1239 310 ‚
1272 329 1274 331 ’
1303 296 1310 314 ⁸

111 400 232 451 Laeta
258 416 336 457 per
360 402 532 458 apricos
561 403 769 460 coquitur
789 403 1014 447 vindemia
1043 404 1213 460 eones‘„

112 480 407 539 Cefi‘andique
431 496 578 527 moras
601 484 759 528 humus
783 483 1069 529 intractabilis
1095 482 1199 535 aestu

114 562 336 619 Agricolis
363 563 562 622 indulget
587 579 603 614 ς
626 577 742 609 amat
765 577 870 610 tunc
894 564 987 609 otia
1012 578 1149 623 pagus
1166 597 1182 622 ‚

114 643 169 686 Et
194 645 380 700 celebrat
404 645 483 688 fibi
510 660 608 703 quae
632 647 814 690 redeunt
837 646 1036 691 solennia
1063 645 1202 703 festag

117 723 393 781 Christiparae
417 725 559 769 sacros
584 740 701 769 anno
726 728 940 771 referente
964 726 1248 789 triumphosg

117 805 398 863 Felicemque
422 805 538 849 diem
555 839 569 859 ‚
595 821 684 864 quo
710 806 826 849 dulci
850 818 995 850 morte
1018 807 1209 850 solutam

120 884 329 950 AEtherea
351 888 561 944 plaudens
587 888 776 931 Matrem
800 888 923 935 Deus
948 885 1115 943 excipit
1143 884 1272 934 au153

122 966 356 1024 Sanguinis
379 980 430 1010 ut
455 956 627 1011 memor
651 967 726 1010 illa
750 967 816 1010 sui
833 999 846 1020 ‚
872 965 1130 1010 mortalibus
1155 965 1287 1024 aegris

122 1047 242 1090 Adsit
259 1078 271 1100 ,
299 1049 343 1091 &
365 1047 567 1091 humanis
591 1046 725 1090 faciat
748 1046 1013 1108 commercia
1034 1045 1176 1092 votis,

125 1129 251 1178 Hanc
275 1128 385 1170 olim
410 1137 510 1170 tuus
529 1159 542 1180 ‚
566 1126 596 1169 ὃ
619 1127 796 1170 Lodoix
812 1158 824 1179 ‚
851 1125 1050 1170 felicibus
1075 1126 1209 1170 armis

125 1206 384 1263 Iustitiaque
410 1219 536 1264 pater
560 1207 742 1251 celebris
762 1240 775 1261 ,
800 1208 873 1250 sed
900 1207 1032 1265 stirpe
1057 1207 1209 1261 relicta

128 1288 301 1331 Clarior
317 1319 330 1341 ,
357 1286 496 1330 edixit
519 1289 664 1330 lucem
690 1287 863 1330 servare
878 1321 890 1341 ‚
917 1290 1076 1331 tuenda

129 1367 406 1424 christiparae
430 1368 538 1411 dans
564 1367 735 1423 sceptra
758 1381 774 1417 3
798 1366 862 1424 pii
887 1382 968 1411 nec
995 1367 1143 1411 inania
1167 1366 1301 1426 Regis

129 1449 253 1491 Vota
271 1450 430 1492 docent
446 1480 459 1500 ‚
483 1461 580 1504 quae
598 1447 743 1491 Matre
757 1448 848 1491 Dei
863 1447 977 1506 geris
993 1447 1165 1505 auspice
1178 1449 1290 1491 bella
1307 1457 1326 1501 ,·

130 1528 344 1585 Quosque
363 1528 691 1586 triumphorum
707 1528 871 1573 frustus
887 1527 1088 1572 extendis
1104 1529 1151 1571 in
1171 1533 1349 1586 aevumg

131 1609 376 1665 lflaereticas
403 1610 580 1668 abigens
598 1641 611 1663 ,
637 1611 805 1653 cladum
830 1611 942 1653 mala
966 1610 1130 1653 semina
1147 1642 1159 1662 ‚
1180 1610 1336 1665 pestes.
1368 1630 1370 1632 ’
1413 1667 1417 1670 Δ

194 1690 310 1747 Ergo
335 1689 427 1734 dies
451 1690 527 1738 ubi
551 1689 681 1733 festus
711 1689 825 1734 adest
840 1723 853 1743 ‚
881 1689 1153 1747 splendentia
1176 1689 1371 1746 primum

84 1811 91 1817 .,
132 1770 320 1827 Templa
344 1781 529 1829 gravent
558 1770 717 1829 opibus
741 1770 843 1829 pagi
863 1786 878 1820 3
902 1770 1116 1828 pifflsque
1141 1782 1340 1816 recentes

137 1853 427 1900 Accumulent
449 1850 536 1906 aris
559 1850 711 1895 flores.
736 1850 836 1894 Vos
866 1850 941 1894 illa
957 1883 970 1904 ‚
997 1849 1157 1894 Puellae
1172 1883 1188 1904 ,

137 1936 256 1977 Cura
281 1944 430 1991 manet
454 1948 471 1978 ε
489 1930 659 1990 niteant
680 1928 834 1976 vestris
856 1930 1008 1975 altaria
1031 1931 1179 1988 donis,

135 2012 296 2071 Tuque
322 2011 566 2069 iuventutis
590 2010 796 2067 Princeps
813 2043 827 2064 ,
854 2011 932 2070 qui
955 2012 1129 2068 publica
1151 2011 1266 2060 ruris

137 2094 314 2149 Gaudia
330 2127 343 2147 ‚
362 2093 441 2152 qui
459 2095 641 2139 choreas
658 2092 897 2136 moderaris
916 2109 930 2143 ;
950 2094 1066 2137 sacra
1083 2095 1296 2138 Sacerdos

139 2176 263 2219 Dum
288 2186 495 2234 peraget,
522 2189 632 2219 cave
654 2189 710 2218 ne
735 2173 888 2218 lituum
913 2177 1116 2233 clangore
1140 2174 1331 2230 moreris

139 2255 329 2314 Effusam
358 2258 522 2300 circum
546 2255 675 2301 vicos
701 2256 744 2300 &
767 2255 958 2313 compita
982 2258 1171 2312 plebem,

138 2338 247 2385 I-..iba
271 2339 414 2380 ferens
430 2371 444 2391 ,
471 2338 634 2382 faustas
662 2335 854 2395 cytharis
883 2334 1194 2392 comitantibus
1225 2335 1340 2378 aedes

143 2418 389 2478 Matutinus
415 2418 485 2463 adi
509 2433 526 2469 3
550 2421 596 2463 &
618 2418 747 2463 donis
775 2417 1061 2476 precibusque
1084 2426 1310 2474 memento
1361 2436 1363 2438 “
