1482 2834
470 243 804 301 ”LIBER
869 243 1073 301 XVI.
1263 259 1379 320 399

141 340 289 399 Atque
311 342 388 386 ubi
413 343 466 387 de
490 359 676 389 numero
704 347 804 403 quis
828 345 1099 390 fortunatior
1123 342 1250 388 omni
1291 365 1296 368 -

139 425 258 468 Nare
285 424 457 482 fatigati
485 426 643 484 relegit
668 426 851 485 vestigia
877 426 1032 480 cervi,
1142 428 1146 431 ’
1237 431 1239 433 ’

140 505 372 548 Continuo
401 507 547 550 socios
574 509 735 551 latrans
764 509 1035 564 compellav,
1063 518 1107 550 at
1134 505 1204 551 ini

140 585 290 628 Altius
317 586 461 630 erecta
490 587 685 644 spestant
702 587 886 632 'cervice
913 599 1204 641 monentem,

139 666 493 724 Despiciuntque
512 701 525 719 ,
551 682 680 711 canes
707 668 823 712 inter
846 668 879 712 fi
903 668 1070 712 nullius
1098 668 1175 712 ille

141 748 354 792 Nominis
380 748 441 792 est
466 749 702 807 meritique
727 765 739 793 ε
767 749 900 793 fidem
925 750 1000 793 sed
1023 750 1054 792 fi
1084 740 1183 807 quis
1214 747 1323 792 anili
1354 780 1356 783 f

142 827 274 872 Voce
296 828 403 871 facit
419 861 433 881 ,
459 830 600 886 longo
632 827 760 872 miles
785 840 1020 872 veteranus
1036 811 1098 872 ab
1124 830 1204 872 usu

142 907 365 966 Cognitus
386 924 401 959 ;
426 921 658 953 accurrunt
681 923 838 954 omnes
856 943 868 964 ‚
891 910 1130 968 iunctoque
1155 911 1354 954 feruntur

141 988 364 1046 Agmine,
390 990 494 1032 dum
522 990 694 1034 resonis
722 981 898 1035 tandem
926 992 1153 1036 latratibus
1181 991 1323 1035 actam

143 1067 380 1112 Effundant
406 1069 569 1114 iterum
593 1072 781 1129 spatiosa
808 1087 888 1130 per
915 1087 1092 1130 aequora
1111 1066 1321 1130 praedam.

146 1152 320 1194 Cervus
344 1153 398 1194 ab
422 1152 607 1210 antiquo
632 1153 750 1197 filvae
777 1154 1220 1198 frondentis'abaQus
1246 1176 1249 1178 ·
1304 1165 1307 1170 ⁴

145 1231 386 1288 Hospitio,
413 1234 617 1290 quamvis
641 1233 728 1288 iam
754 1234 913 1278 stadius
944 1235 986 1277 &
1015 1234 1091 1277 ilia
1120 1234 1328 1291 pulsansj

146 1313 283 1368 Spem
310 1325 458 1357 tamen
492 1315 534 1357 ὅτ
563 1315 687 1357 cursu
716 1314 837 1358 vires
867 1314 1040 1358 affectat
1068 1316 1230 1360 anhelo
1249 1331 1267 1367 ·,

146 1393 310 1435 Donec
336 1395 388 1435 ab
414 1393 590 1450 aspeetu
616 1396 748 1453 longe
775 1396 970 1438 semotus
986 1426 1000 1449 ‚
1031 1396 1237 1440 onustum

146 1474 216 1516 Ad
243 1474 442 1516 dextram
469 1475 715 1531 laevamque
739 1487 872 1531 caput
898 1475 1092 1528 demittit
1108 1509 1119 1530 ‚
1147 1478 1191 1520 &
1216 1489 1362 1536 aegros

145 1553 338 1597 Molitur
367 1554 560 1597 titubans
578 1588 590 1607 ,
619 1555 828 1599 exhausto
858 1557 1019 1600 robore
1037 1589 1049 1610 ‚
1077 1556 1238 1614 paffus.
1344 1550 1346 1553 ’

209 1634 367 1677 Praelia
395 1635 427 1677 fi
452 1635 549 1692 post
573 1638 707 1693 longa
732 1650 860 1680 canes
887 1636 1120 1696 videantur
1150 1639 1193 1681 &
1219 1639 1300 1697 ipfi

153 1715 343 1773 Segnius
368 1715 432 1758 ire
459 1731 473 1765 3
501 1730 651 1760 recens
682 1730 810 1775 atque
839 1717 1007 1776 integra
1033 1732 1175 1763 turma
1198 1721 1394 1766 labantes

152 1795 368 1839 Sustineat
384 1830 397 1850 ‚
429 1796 639 1854 socioque
667 1812 810 1842 novas
833 1799 944 1843 ferat
968 1800 1145 1857 agmine
1172 1800 1292 1853 vires
1313 1817 1330 1853 ;

152 1877 336 1935 Jamque
362 1876 584 1934 fatigatam
609 1878 875 1936 suspiriaque
901 1873 1015 1938 aegr'a
1043 1881 1289 1926 trahentem

153 1958 390 2015 Exagitans
420 1958 587 2011 maiore
609 1959 746 2003 seram
773 1962 964 2004 clamore
981 1993 994 2013 ‚
1025 1975 1242 2018 pavorem

154 2040 325 2097 Augeat
344 2071 357 2091 ‚
386 2039 431 2082 &
456 2039 549 2082 sola
575 2039 752 2083 fraciam
777 2040 1015 2084 formidine
1043 2041 1212 2088 vincat'.

216 2121 268 2163 In
299 2118 432 2163 celeri
457 2134 593 2177 quum
617 2123 736 2164 nulla
760 2122 890 2178 super
914 2120 1076 2166 fiducia
1105 2124 1229 2167 cursu
1245 2139 1263 2175 3

145 2201 291 2244 ¹Nulla
318 2200 432 2257 fugae
450 2231 464 2252 ‚
490 2199 588 2256 spes
613 2203 731 2244 nulla
760 2202 854 2244 doli
883 2216 897 2252 3
926 2216 1023 2259 quae
1051 2204 1144 2247 sola
1170 2204 1321 2251 salutis

161 2280 368 2325 Occurrit
394 2280 469 2323 via
488 2312 501 2332 ,
527 2281 803 2339 praecipitem
827 2282 873 2326 se
901 2296 1058 2327 cervus
1082 2283 1129 2327 in
1153 2287 1290 2331 altum

161 2364 348 2406 Flumen
371 2361 461 2420 agit
484 2377 497 2405 t
525 2375 671 2418 prono
696 2375 874 2406 nantem
900 2364 1014 2420 rapit
1037 2366 1189 2408 alveus
1210 2366 1328 2410 amni
1348 2382 1364 2417 ;

161 2445 218 2489 Et
243 2457 380 2503 quum
403 2442 494 2499 jam
515 2442 697 2502 pedibus
723 2443 924 2505 gradiens
953 2445 1174 2506 contingit
1198 2462 1399 2506 arenam,
