1500 2886
481 262 770 321 LIBER
815 262 934 322 IV.
1205 272 1320 336 109

92 362 307 409 Exercere
335 377 476 425 vagos
496 398 510 419 ‚
538 378 672 423 atque
700 365 925 424 indulgere
952 375 1194 421 procorum

92 445 357 499 Blanditiis,
384 447 473 491 alia
498 447 662 491 faciant
687 446 765 503 qui
789 447 916 502 prole
942 456 1186 502 parentem·

157 526 322 570 Rursus
346 527 422 570 ubi
444 527 616 584 pariet,
645 527 818 570 catulos
845 525 927 568 tibi
953 526 1089 584 selige
1113 525 1247 569 binos

37 607 40 609 ’
95 605 133 647 Ε
156 619 375 660 numero,
395 608 471 650 vel
494 604 709 650 delectum
734 603 1013 649 committere
1030 592 1168 649 matri

95 685 146 729 Si
171 689 369 743 placeat,
397 686 533 730 fasces
558 700 744 730 curvum
773 685 960 730 finuabis
989 686 1040 730 in
1064 688 1250 732 orbem·

95 767 151 810 In
177 767 326 811 medio
350 766 508 810 statues
532 768 734 816 catulos·,
757 779 1030 823 matremque
1051 765 1233 810 vocabis
1252 798 1268 821 ‚

95 848 293 890 Admoto
316 846 440 904 prius
465 846 568 905 igne
594 863 607 890 ε
634 860 792 904 parens
817 845 1070 891 hortamine
1098 847 1226 891 vocis
1244 879 1260 901 ,

96 929 186 978 sed
208 942 334 986 mage
358 941 564 972 natorum
588 930 715 975 volat
741 928 946 973 accerfita
971 927 1162 986 querelis
1181 944 1195 972 z

98 1009 198 1054 Hos
216 1021 267 1052 ut
285 1010 337 1053 ab
357 1010 459 1068 igne
478 1010 604 1052 videt
623 1009 791 1053 cinctos
811 1041 826 1063 ,
852 1009 1059 1066 auditque
1078 1020 1303 1067 gementes

97 1090 199 1136 Jam
224 1089 413 1148 propior
433 1123 447 1144 ,
471 1090 570 1134 casu
595 1102 721 1134 tanto
743 1090 976 1148 perterrita
991 1121 1006 1143 ‚
1031 1089 1231 1133 flammas

95 1169 242 1216 -Infilit
266 1170 316 1213 in
340 1170 538 1220 medias·,
565 1173 806 1229 patuloque
830 1170 1058 1215 celerrima
1079 1170 1193 1214 rictu

101 1252 231 1294 Nunc
250 1250 410 1303 illum,
429 1264 540 1294 mox
555 1250 712 1294 deinde
729 1250 901 1304 alium,
920 1261 1149 1307 totamque
1166 1247 1336 1306 periclo

49 1375 59 1384 ,
104 1332 281 1375 Liberat
306 1315 481 1375 instanti
503 1331 743 1376 sobolem·
769 1342 891 1388 quos
909 1331 986 1374 illa
1007 1328 1179 1397 priores

105 1410 305 1468 Eripuit,
332 1411 496 1467 sepone
520 1424 686 1461 canes,
716 1412 770 1455 da
794 1423 949 1455 caetera
974 1411 1099 1455 letho

106 1493 308 1548 Corpora
323 1489 450 1533 miffa
466 1492 652 1547 procul,
664 1492 741 1535 vel
754 1491 894 1535 humo
907 1493 1140 1542 mandata;
1155 1494 1342 1538 cadaver

107 1572 180 1616 Ne
198 1571 386 1623 referat,
417 1569 675 1628 gremioque
693 1584 849 1628 parens
865 1573 1136 1629 gemebunda
1155 1574 1327 1630 tepenti

108 1652 346 1709 Applicer,
373 1651 620 1695 extinfssum
640 1666 838 1709 quaerens
858 1666 1066 1697 revocare
1086 1646 1296 1702 calorem.

169 1722 394 1789 DePulsos
414 1747 439 1775 a
456 1732 566 1776 laQe
585 1732 695 1776 cibis
723 1731 814 1788 jam
831 1733 957 1789 pasce
977 1735 1193 1788 catellos,
1249 1755 1252 1758 ⁴

111 1813 308 1859 Grandia
326 1813 405 1872 qui
423 1813 606 1857 foveant
623 1813 838 1871 generoso
859 1827 1047 1869 corpora
1065 1813 1216 1859 succo.

176 1894 395 1939 Providus
413 1892 578 1937 arcebis
598 1892 763 1937 rabiem
777 1924 793 1947 ‚
818 1891 852 1936 fi
869 1894 999 1936 dente
1019 1896 1205 1938 revellas

118 1974 426 2034 Comprefl‘um
445 1974 619 2018 modice
638 1987 825 2018 nervum
845 2006 859 2027 ‚
881 1974 959 2031 qui
978 1974 1130 2018 dustus
1149 1977 1201 2020 ab
1216 1976 1320 2021 altis

118 2055 331 2101 Articulis
356 2056 492 2112 spinae
516 2055 696 2098 caudam
721 2054 920 2112 prorepit
943 2057 996 2098 ad
1020 2056 1171 2102 imam.

179 2137 400 2181 Dentibus
426 2136 631 2180 innocuis
655 2137 810 2180 ludens
834 2136 1036 2180 lasciviat
1059 2151 1193 2181 unam

122 2218 354 2262 Mordicus
374 2216 421 2259 in
438 2230 624 2262 matrem
642 2220 810 2262 camlus
830 2233 843 2262 z
864 2218 937 2261 sed
954 2218 1125 2261 viribus
1144 2218 1286 2276 impar
1306 2228 1323 2275 ,'

122 2302 231 2345 Non
247 2298 452 2343 homines
471 2330 486 2353 ‚
516 2301 610 2343 nob
628 2313 706 2344 ore
724 2300 837 2343 feras
856 2298 1036 2343 invadat
1055 2299 1215 2344 inermi
1233 2316 1249 2351 ·,

126 2380 368 2426 Mulciatus
388 2393 444 2425 ne
461 2378 569 2425 fuste
588 2412 602 2435 ‚
626 2379 723 2438 lupi
739 2381 814 2424 vel
832 2380 961 2423 dente
977 2411 992 2432 ,
1018 2378 1227 2423 timorem

130 2460 366 2521 Concipiat
385 2492 399 2516 ,
429 2473 564 2521 quem
581 2460 684 2507 dein
699 2460 846 2523 plenis
864 2473 959 2506 non
976 2472 1109 2506 exuet
1126 2460 1272 2507 annis.
