1500 2834
50 262 53 266 ,
120 222 240 284 '166
359 223 703 284 PRAEDJJ
747 223 1117 283 Rvsrl‘et·
1175 250 1178 251 f

180 324 413 381 Ingenium
429 325 586 370 misere
611 338 871 384 torquemus
888 358 900 378 ,
922 336 971 368 ut
991 322 1184 382 aequoris
1201 322 1350 380 aestum'·

119 405 551 462 Astrorumque‘vias
579 407 719 450 studio
749 407 1021 464 speculemur
1046 403 1185 455 inani,

120 483 220 538 Qua
250 485 339 529 fine
365 485 601 532 deficerent
628 488 774 532 viduae
802 502 902 531 cum
931 487 1103 531 civibus
1128 487 1255 538 urbes
1272 518 1290 544 2

119 565 353 623 Frugiferae
378 569 545 611 cultura
572 568 688 628 japet
711 567 883 612 ‘telluris
908 582 923 618 ·,
955 568 999 611 ὃ(
1024 581 1163 610 unum

120 645 243 690 Scire
263 649 396 703 pudet
411 680 424 702 ‚
451 649 588 693 tacito
609 649 833 708 sequimur
858 650 977 707 quod
997 649 1110 692 ruris
1137 662 1287 692 amore
1305 661 1324 701 ᾗ

119 727 175 768 Et
201 742 300 785 quo>
317 743 449 788 regna
472 732 616 776 solent
642 731 775 777 armis
805 732 1052 789 opibusque
1079 731 1250 790 vigere‚

119 808 243 852 Alter
266 809 387 854 enim
409 814 530 857 culto
557 814 710 859 census
737 828 817 857 nec
844 813 1008 861 certior
1033 827 1140 870 agro
1157 844 1171 865 ‚

118 888 299 935 Militiae
324 891 477 949 potior
500 907 643 951 neque
669 894 898 950 disciplina
925 909 936 936 ε
963 892 1109 950 perito

118 970 255 1015 Miles
281 973 333 1016 ab
360 973 568 1032 Agricola
593 974 645 1017 fit
670 974 867 1018 strenuus
896 987 1030 1032 atque
1054 974 1216 1019 laboris

117 1051 173 1093 Et
199 1052 326 1095 famis
352 1067 402 1095 ac
427 1055 593 1097 brumae
619 1053 793 1110 patiens
817 1070 828 1097 :
849 1053 1084 1112 agrestibus
1109 1057 1221 1099 olim

120 1134 264 1175 Roma
288 1132 399 1177 viris
429 1136 582 1178 orbem
608 1133 782 1179 domuit
808 1151 820 1179 :
848 1135 937 1179 duo
960 1134 1144 1179 fulmina
1174 1134 1280 1178 belli

119 1213 331 1270 Scipiadae
356 1217 532 1267 coluere
560 1216 703 1259 solum
721 1248 734 1269 ‚
763 1216 996 1274 glebasque
1023 1216 1205 1259 ruebant

121 1293 222 1349 Qua
246 1295 383 1338 versae
409 1295 603 1339 cecidere
634 1309 768 1338 manu
795 1295 1072 1353 Carthaginis
1099 1310 1234 1339 arces.

181 1376 286 1417 Non
312 1376 395 1418 alia
420 1375 481 1419 est
507 1376 680 1420 sceleris
709 1375 848 1435 magis
873 1390 1033 1432 expers
1057 1376 1154 1420 vita
1169 1409 1181 1429 ‚
1202 1378 1338 1420 beata

122 1455 269 1511 Quam
295 1471 393 1514 quae
421 1471 522 1500 rure
551 1457 637 1514 piis
667 1457 808 1516 agitur
832 1459 1038 1515 longaeva
1065 1456 1238 1501 colonis
1257 1489 1271 1511 ,

122 1537 380 1581 Ambitione
405 1540 559 1594 procul
576 1571 589 1591 ‚
617 1537 862 1595 miseraque
886 1528 1247 1594 cupidinelucri.

123 1617 242 1675 Hinc
259 1617 492 1662 hominum
507 1630 676 1676 patrem
692 1651 704 1672 ‚
724 1617 876 1662 mundi
891 1619 1014 1661 Deus
1030 1617 1182 1661 auctor
1196 1650 1209 1670 ,
1229 1616 1418 1682 agrestes

123 1698 270 1753 Edidit
298 1700 413 1743 inter
438 1714 548 1757 opes
576 1716 588 1744 :
620 1711 740 1744 retro
766 1692 1012 1743 labentibus
1037 1697 1165 1748 annis

125 1781 271 1825 Aurea
295 1781 327 1823 fi
353 1795 439 1838 qua
464 1779 582 1835 dedit
608 1779 787 1823 mortali
813 1780 955 1824 secula
983 1778 1107 1836 genti
1124 1811 1140 1836 ²

124 1860 345 1919 Agricolis
369 1842 676 1904 fluxereviris
697 1875 712 1909 ·‚
733 1872 864 1918 atque
885 1859 1005 1905 illius
1032 1859 1120 1904 aevi

127 1942 176 1986 Si
203 1956 287 1999 qua
311 1941 463 1986 reliCta
485 1953 665 1992 manent
688 1941 897 2000 vestigia,
925 1955 1025 1985 rure
1048 1941 1312 2000 supersunt}

125 2024 275 2075 Floret
300 2023 377 2066 ubi
401 2023 518 2067 saera
542 2021 735 2081 Relligio
757 2055 770 2075 ‚
794 2023 1021 2080 cultusque
1049 2022 1240 2079 supremi

125 2104 334 2148 Numinis
364 2120 379 2155 ;
403 2105 632 2157 unanimes
660 2103 736 2146 ubi
763 2103 954 2147 cernitur
982 2103 1106 2148 inter*
1126 2101 1299 2158 amicos

128 2185 256 2228 Nuda
280 2185 388 2229 fides
405 2218 418 2239 ‚
445 2185 589 2229 hostes
612 2185 728 2227 inter
757 2182 981 2241 placabilis
1007 2183 1088 2228 ira.

128 2265 217 2308 Hic
244 2266 367 2309 tenui
391 2265 516 2311 viEtu
538 2265 766 2322 studioque
793 2265 958 2309 laboris
984 2267 1159 2309 aluntur

123 2345 295 2397 ,Iustitia
326 2349 368 2390 &
393 2347 535 2404 pietas
562 2364 573 2392 ε
601 2337 772 2390 irritant
796 2346 961 2403 oppida
987 2348 1142 2389 luxum
1161 2378 1173 2397 ‚

123 2427 273 2484 Luxus
292 2427 553 2484 avaritiam:
573 2427 712 2495 scelus
733 2427 825 2470 haec
847 2427 1097 2495 prorumpit
1123 2426 1172 2479 in
1200 2437 1351 2478 omne,
