1500 2886
33 424 35 426 ,
116 330 1363 486 {ww-mmm&

206 620 584 691 LIBER
679 591 1270 697 TERTYU&

535 770 707 820 Pecora
741 766 931 837 majora.

110 844 263 944 No
279 911 312 941 κ
340 898 444 944 satis
464 898 525 943 est
543 899 671 944 terris
690 902 829 945 fortes
849 898 1039 959 quaefiffe
1058 899 1294 946 movendis

108 979 339 1038 Agricolas
354 996 366 1024 x
382 995 495 1037 opus
510 980 574 1024 est
587 983 806 1038 pecudum
819 997 916 1039 quae
930 996 1116 1026 vomere
1131 983 1328 1026 scindant
1339 1015 1354 1037 ,

108 1059 165 1101 Et
188 1060 345 1119 pingui
370 1075 542 1106 macros
572 1062 767 1106 saturent
790 1062 1014 1107 laetamine
1040 1077 1238 1121 campos,

169 1161 264 1215 Qui
290 1163 445 1221 longas
471 1173 590 1207 amat
614 1163 678 1207 ire
700 1162 798 1207 vias
819 1196 834 1219 ,
859 1177 934 1208 aut
955 1165 1134 1209 horrida
1159 1165 1320 1210 Martis

106 1241 255 1285 Castra
283 1242 406 1299 sequi
427 1276 439 1296 ,
467 1243 617 1288 tenera
644 1244 822 1291 facilem
845 1245 1020 1290 cervice
1045 1247 1219 1291 domari

105 1323 259 1381 Fingat
278 1338 440 1381 equum
460 1340 474 1375 ;
500 1326 742 1383 doceatque
759 1327 893 1383 pedes
914 1327 958 1370 &
976 1326 1128 1371 mollia
1148 1342 1273 1372 crura
1309 1347 1319 1362 v

108 1405 371 1462 Compofito
390 1408 634 1464 glomerare
654 1409 790 1466 gradu
807 1441 820 1461 ,
840 1409 1133 1467 spumosaque
1151 1409 1299 1454 fraenis

111 1486 207 1530 Ora
225 1502 381 1545 regens
402 1521 415 1542 ,
446 1490 581 1545 plano
600 1491 675 1532 vel
696 1489 743 1532 in
761 1504 941 1548 aequore
961 1490 1149 1534 cursibus
1169 1504 1315 1534 acrem

107 1569 144 1609 C
151 1569 243 1611 alce
263 1568 370 1612 citet
388 1601 401 1622 ‚
427 1567 577 1625 preffis
596 1571 673 1613 vel
692 1569 740 1613 in
759 1571 912 1614 orbem
931 1570 1077 1615 flectat
1093 1571 1274 1615 habenis
1290 1605 1304 1625 ,

101 1648 191 1691 Aut
216 1633 347 1692 molli
372 1649 591 1706 placidum
618 1649 764 1705 jubeat
790 1653 1030 1708 procedere
1055 1653 1213 1710 gress‘u.
1242 1646 1246 1650 ’

159 1748 230 1790 Est
252 1747 364 1791 alios
390 1748 520 1795 nobis
544 1750 626 1794 bos
650 1749 936 1796 instituendus
964 1753 1018 1796 ad
1041 1738 1142 1801 ustis
1163 1787 1177 1810 ,

101 1827 318 1871 Difficiles
347 1842 440 1872 aret
468 1828 660 1888 impulso
688 1832 766 1889 qui
793 1846 978 1878 vomere
1005 1845 1141 1879 terras
1164 1867 1178 1889 ‚

101 1907 310 1952 Lufianti
333 1911 408 1954 vel
436 1910 622 1967 plaustra
650 1912 792 1958 trahat
813 1913 1035 1959 stridentia
1064 1917 1202 1962 collo,

103 1989 227 2047 Elige
254 1989 332 2047 qui
360 1990 517 2050 magna
547 2005 759 2037 moveant
785 1994 828 2039 se
859 1997 979 2039 mole
1007 1997 1231 2042 Juvencos
1251 2007 1269 2053 ,“

100 2071 281 2113 Cornua
305 2071 429 2128 queis
456 2086 641 2129 procera
658 2106 670 2126 .
697 2087 828 2131 caput
859 2075 1055 2120 deforme
1072 2109 1086 2130 ,
1110 2078 1276 2122 refimae

98 2151 239 2193 Nares
269 2151 313 2192 &
337 2153 496 2207 patulae
514 2185 527 2206 ‚
561 2154 789 2212 compa&
813 2157 1047 2214 torosaque
1074 2158 1229 2202 cervix
1249 2191 1262 2214 ,

99 2230 284 2287 Hispida
308 2231 460 2286 frons,
491 2248 614 2278 aures
641 2234 796 2290 hirtae,
828 2237 1018 2295 palearia
1043 2251 1197 2285 mento

100 2311 322 2366 Pendula,
344 2314 580 2359 nervosum
601 2330 762 2374 corpus
782 2318 1072 2381 densumque,
1091 2319 1331 2382 benignum

98 2391 366 2450 Ingenium,
388 2393 600 2453 mitesque
621 2396 733 2441 truci
753 2397 863 2442 sub'
851 2398 1041 2459 imagine
1060 2414 1225 2447 mores.

161 2491 315 2538 Torva
341 2494 487 2541 minus
512 2495 678 2553 facies,
709 2498 827 2544 tastu
851 2498 1100 2549 molliffima
1126 2502 1252 2559 pellis
1272 2535 1286 2558 ,

971 2580 1005 2625 E
1037 2580 1090 2639 iij
1114 2575 1116 2577 ’
