1482 2834
345 255 475 309 *L
496 267 527 310 ι
555 263 598 310 Β
621 256 667 312 ‘E
697 269 740 309 R
831 251 1061 309 Vnu-
1100 238 1118 288 ’-
1235 248 1339 306 ωῑ
1401 247 1405 250 ·

55 402 59 406 .
113 353 244 401 Tunc
269 354 313 400 &
338 356 457 400 lenta
478 357 618 411 salix;
647 358 693 400 δὲ
716 357 861 400 caedua
885 355 994 399 filva
1014 349 1200 421 bipenni

116 437 341 491 Dejicitur
361 454 383 482 -:
408 443 588 498 truncos
615 439 659 481 ὅ(
682 437 858 481 brachia
882 437 990 481 caesa
1014 431 1197 489 iuvenci
1234 430 1266 436 ”

118 519 345 563 Contenta
371 519 547 563 cervice
570 520 778 567 trahunt3
803 517 1077 576 glaciemque
1099 514 1291 559 terentes

118 602 211 644 Su‘b
234 601 440 658 pedibus,
466 599 623 644 calidas
648 587 870 643 evolvunt
891 588 1067 641 naribus
1089 596 1217 638 auras‘
1236 594 1258 648 ,'

116 683 419 740 Fumososque
442 683 583 725 boves
604 680 804 724 fumosus
831 681 875 723 &
898 679 991 735 ipse
1015 663 1233 744 Bubulcus

116 764 242 807 Pone
267 764 451 820 sequens
472 767 495 815 ,'
513 759 810 818 craffo'frigus
837 759 1031 803 defendit
1046 753 1248 809 amictu,

116 844 391 902 Rugosoque
413 856 569 886 manus
590 843 777 886 alternas
803 842 1016 885 admovet
1031 837 1109 882 “ori
1127 840 1166 891 ‚'-*

118 923 370 989 ‘vivificum
396 935 575 982 captans
603 922 751 966 anima
776 922 967 979 spirante
991 932 1213 977 teporem.

118 1005 220 1050 Olli
245 1019 363 1050 rore
372 1007 518 1049 madet
545 1019 647 1049 cum
671 1003 863 1048 vestibus
887 1002 1071 1046 horrida
1089 1001 1254 1053 barba‚‘

116 1088 174 1132 Et
201 1101 330 1132 coma
355 1086 573 1131 concretis
598 1084 796 1130 incanuit
819 1085 934 1128 hirta
957 1082 1164 1140 pruinis.

119 1170 360 1226 Raucaque
384 1182 482 1211 vox
505 1179 660 1211 mento
683 1166 768 1210 'vix
786 1164 976 1209 eluctata
1001 1161 1210 1207 trementi

120 1250 145 1295 J
150 1265 222 1293 am
241 1264 335 1293 non
353 1248 563 1293 terrificat
582 1246 757 1301 junctos
775 1248 828 1290 ad
856 1244 1076 1303 plaustra
1064 1258 1299 1301 juvencos.

182 1329 331 1374 Pastor
354 1343 466 1373 oves
490 1327 811 1372 curat-stabulis
828 1361 841 1381 ‚
868 1324 1128 1384 pecorisque
1153 1326 1359 1372 misertus
1430 1321 1434 1324 ’

38 1435 41 1441 ·
120 1412 272 1456 Taedia
295 1413 429 1468 longa
453 1409 520 1453 sui
543 1412 562 1467 (
580 1409 736 1454 blanda
759 1410 791 1453 fi
813 1410 929 1454 forte
954 1410 1122 1464 serenat

121 1492 372 1538 Hibernum
398 1492 476 1534 Sol
501 1492 600 1534 luce
623 1493 779 1548 polum
802 1491 821 1547 )
849 1490 1032 1534 recludit
1055 1489 1180 1535 ovile
1191 1486 1212 1540 ';

122 1577 254 1620 Grex
276 1586 327 1617 ut
350 1573 399 1615 in
426 1572 576 1629 aprico
602 1572 812 1630 spatiatus
840 1574 955 1616 colle
975 1605 987 1625 ‚
1014 1573 1227 1616 latentem

122 1655 213 1699 Sub
239 1653 347 1697 nive
370 1653 556 1696 rimetur
574 1652 763 1709 'pedibus
789 1652 1051 1710 frigentibus
1072 1648 1283 1696 herbam:
1318 1667 1321 1670 ’

123 1735 287 1779 Pascua
306 1747 389 1777 nec
410 1733 581 1778 clausus
601 1732 784 1791 querula
802 1733 905 1777 dein
922 1747 1036 1777 voce
1056 1734 1260 1790 reposcat
1278 1766 1291 1785 ,

126 1815 282 1870 Quum
300 1814 434 1858 semel
453 1815 685 1858 horrentes
706 1814 845 1872 glacie
868 1801 1152 1871 conspexerit
1169 1829 1298 1874 agros
1315 1846 1330 1869 ‚

126 1898 182 1941 Et
210 1896 372 1953 rigidas
394 1895 596 1940 tremulis
620 1895 867 1953 perceperit
893 1897 1070 1941 artubus
1097 1911 1240 1941 auras.

188 1978 440 2036 Agricolam
461 1978 493 2021 fi
519 1979 695 2035 quando
718 1977 842 2022 domi
861 1989 983 2022 tenet
1002 1978 1142 2022 imber
1164 2012 1177 2031 ‚
1205 1977 1364 2023 adaffis
1454 1985 1457 1987 ’

126 2059 309 2104 Robora
326 2062 400 2104 vel
419 2058 549 2103 findit
567 2059 748 2110 cuneis3
775 2060 850 2103 vel
871 2070 1010 2102 aratra
1027 2091 1040 2112 ,
1065 2058 1304 2118 iugumque
1322 2093 1336 2115 ,

128 2143 183 2188 Et
210 2141 342 2185 stivas
365 2141 484 2184 ferro
506 2142 656 2191 dolar;
689 2141 955 2198 obtusosque
980 2140 1155 2199 ligones

128 2223 185 2266 Et
213 2221 372 2266 rastros
397 2220 553 2265 incude
578 2236 751 2266 novans
767 2254 780 2275 ‚
807 2221 988 2280 agrestia
1011 2221 1111 2266 veri

131 2304 265 2346 Arma
290 2301 527 2346 laborifero
550 2300 639 2356 iam
663 2302 758 2345 tum
784 2302 965 2359 provisa
989 2301 1198 2360 reponit:

82 2414 86 2418 -
132 2385 228 2428 Nec
251 2397 412 2427 vacuas
437 2390 622 2440 'operum
650 2382 804 2427 noctes
830 2382 1014 2426 traducit
1032 2415 1044 2437 ,
1075 2383 1210 2428 inerti

134 2451 360 2523 Tempora
377 2467 511 2525 longa
526 2465 702 2515 trahens
721 2465 881 2511 somno
901 2480 913 2510 ε
935 2465 1010 2510 sed
1027 2465 1198 2511 vimine
1217 2468 1369 2512 corbes
