1500 2886
87 289 211 340 ³100
329 279 661 338 PRAEDM
706 278 1074 336 Rvsrt'ct

92 381 183 427 Abs
209 381 350 425 radice
375 382 522 425 secans
545 381 662 424 ferro
682 411 697 433 ‚
721 359 1090 423 crudelia-tonsor

92 462 291 506 Vulnera
315 464 388 505 det
406 495 419 516 ,
450 461 576 520 queis
601 475 681 505 nec
706 461 822 504 dulci
849 460 1051 518 dignatur
1077 457 1241 512 olivofi

90 542 186 586 Nec
207 542 373 600 liquida
398 543 495 601 pice
515 575 525 597 ,
556 544 630 587 sed
654 541 761 586 trito
787 543 974 589 carbone
997 540 1180 584 mederi.

151 623 385 682 Lanigeras
410 624 614 667 tonsurus
640 637 751 667 oves
780 621 993 666 solemnia
1021 621 1243 679 quondam

87 706 123 749 F
126 704 210 748 esta
229 719 381 761 parans
401 737 414 758 ‚
442 718 615 749 veteres
634 704 791 748 mensis
812 703 1037 747 adhibebat
1055 702 1224 746 amicos
1240 716 1258 751 ·‚

91 785 206 840 Quae
229 788 373 831 dulces
393 788 532 844 epulae
552 786 668 830 flava
687 799 786 829 cum
806 785 937 829 meffe
957 784 1154 828 redibant
1175 799 1190 833 3

89 866 145 908 Et
165 865 343 923 gravida
362 866 530 909 rursum
549 866 808 910 descendens
827 866 1021 930 Qchus
1040 865 1092 908 ab
1109 865 1235 908 ulmo

90 946 210 989 Laeta
234 947 468 990 redonabat
495 946 604 990 festo
634 945 846 990 convivia
870 959 1004 1004 pago.

90 1025 278 1069 Afflictis
302 1027 484 1069 Bellona
509 1026 657 1069 furens
685 1041 800 1069 nunc
830 1004 984 1084 gaudia
1011 1025 1141 1070 terris

91 1107 253 1149 Blanda
276 1107 398 1165 fugat
424 1122 436 1150 :
463 1108 536 1150 sed
560 1121 670 1150 mox
693 1107 822 1150 hilari
847 1107 939 1150 Pax
963 1121 1092 1150 aurea
1113 1108 1244 1151 vultu

92 1187 313 1230 Laetitiam
346 1189 389 1231 &
414 1188 523 1231 risus
540 1221 553 1240 ‚
590 1189 634 1231 ὅ(
658 1188 898 1232 fertilitatis
924 1189 1144 1231 honorem

92 1266 307 1311 Restituet
330 1283 341 1311 ε
370 1269 488 1310 coelo
513 1268 604 1310 Pax
628 1281 686 1310 en
711 1267 921 1311 delabitur
947 1270 1038 1311 alto
1057 1299 1073 1320 ‚
1103 1307 1106 1310 .

92 1349 239 1403 Quam
269 1347 461 1404 sequitur
483 1347 625 1390 Pietas
646 1349 689 1390 &
716 1349 852 1404 pleno
879 1347 1022 1404 Copia
1046 1361 1216 1393 cornu:

91 1428 148 1471 Et
165 1427 251 1482 jam
278 1428 397 1471 Diva
422 1440 580 1484 potens
605 1427 840 1471 hominum
868 1442 1137 1485 componere
1160 1429 1264 1473 lites

94 1510 196 1552 Alta
219 1509 344 1567 vagis
369 1510 539 1567 Regum
565 1508 712 1552 lustrat
738 1509 898 1565 palatia
921 1509 1078 1567 pennis
1098 1540 1112 1563 ,

94 1592 189 1634 Nec
212 1590 362 1634 frustra
388 1601 541 1633 monet
564 1601 613 1632 ut
637 1586 909 1646 populorum
929 1603 1108 1645 parcere
1133 1586 1242 1632 vitae
1261 1594 1279 1643 ⁴,

93 1671 339 1729 Pacatoque
364 1670 506 1714 velint
530 1684 646 1714 nunc
673 1671 848 1714 demum
875 1669 1032 1714 vivere
1057 1670 1242 1715 mundo.

155 1754 272 1810 Ergo
300 1751 497 1809 fatigatas
520 1750 630 1794 tristi
656 1764 749 1793 non
773 1749 960 1807 amplius
987 1763 1114 1793 aures

96 1835 331 1880 Pulsabunt
356 1835 558 1889 clangore
583 1831 698 1873 tubae
718 1863 733 1884 ‚
763 1831 835 1874 sed
859 1830 1013 1874 rustica
1034 1827 1187 1886 paffim

96 1915 253 1959 Fistula
278 1913 499 1956 Pastorum
527 1924 703 1955 teneros
734 1910 924 1954 cantabit
950 1924 1122 1954 amores
1141 1925 1156 1954 ε

96 1996 251 2040 Libera
276 1993 437 2037 securis
467 1994 695 2036 decurrent
719 2005 895 2048 aequora
919 1990 1033 2034 velis
1053 2020 1068 2044 ‚

97 2079 287 2133 Solaque
309 2087 547 2118 ventorum
566 2084 763 2117 metuent
780 2073 870 2115 fera
888 2071 1036 2128 praelia
1053 2072 1210 2116 Nautae
1229 2103 1244 2126 ,

97 2159 242 2213 Atque
261 2156 342 2198 situ
355 2155 514 2216 'gladiis
534 2153 825 2211 squalentibus
846 2185 859 2206 ,
886 2167 1003 2195 arma
1021 2151 1225 2196 nitebunt

45 2268 49 2271 γ
98 2237 271 2283 Rustica
291 2251 305 2286 ·,
336 2237 379 2278 &
398 2235 599 2279 uberibus
619 2234 693 2277 sua
710 2231 910 2276 meffibus
929 2232 1045 2276 arcta
1061 2234 1252 2276 colonus

98 2320 271 2363 Horrea
295 2315 471 2359 mutatis
502 2317 649 2359 secum
675 2313 902 2357 mirabitur
926 2313 1069 2358 annis.

99 2398 335 2444 Florebunt
361 2395 521 2437 iterum
550 2394 698 2438 studiis
726 2406 858 2451 atque
883 2393 1045 2438 artibus
1068 2393 1198 2437 urbes
1219 2407 1235 2443 3

99 2477 446 2535 Castalidumque
462 2475 609 2521 choris
621 2476 768 2520 honor
785 2475 935 2520 &laus
951 2473 1090 2533 prisca
1106 2473 1327 2521 redibunt.
