1500 2886
133 254 175 334 '6
334 240 1177 320 PnaentzRvsrtc't

134 377 304 424 'Vicino
326 382 379 424 de
403 394 557 426 monte
575 382 701 427 viros
723 382 771 426 in
788 384 901 427 bella
918 397 1102 439 vocaret
1118 418 1133 439 ‚
1151 418 1155 421 -
1196 438 1198 440 v

138 461 405 518 Oppidaque
425 477 649 506 armorum
668 464 905 507 fremerent
924 465 1070 508 excita
1091 465 1314 520 tumultu5

137 541 230 584 Pax
248 542 355 585 aluit
374 542 539 600 segetes
559 560 570 587 ε
593 558 673 588 nec
691 545 875 602 agrestes
893 547 983 588 ulla
1001 548 1205 590 Colonos

140 622 371 666 Sollicitos
390 624 541 668 habuit
560 625 654 668 festi
667 658 679 679 ,
697 625 826 682 quam
846 641 946 670 cura
966 627 1196 684 triumphi,

140 703 259 746 Hinc
275 704 442 761 Regem
463 703 591 758 iuvat
609 705 747 762 usque
767 705 900 749 novis
917 706 1154 750 Provincia
1178 706 1308 750 donis

139 784 356 842 Prodiga:
377 799 565 842 namque
585 786 667 829 ribi
689 785 794 843 quid
816 787 999 845 deneget
1019 787 1094 830 illa
1113 788 1318 844 petenti?

139 864 188 907 Si
208 879 300 907 non
321 865 533 922 obsequio
547 899 560 919 ‚
577 866 609 908 fi
631 880 724 910 non
743 869 944 910 cedamus
969 867 1140 920 amori,

139 944 377 988 Vincimur
396 945 578 1003 eloquio
591 979 604 999 ‚
621 959 752 1004 teque
773 948 998 992 hortatore
1016 949 1223 992 volentes

139 1024 368 1084 Quidquid
382 1039 520 1082 opum
536 1025 596 1069 est
610 1027 726 1070 bello
743 1029 904 1070 dudum
922 1027 1223 1084 impertimur,
1237 1028 1280 1072 δί
1295 1029 1423 1071 urbes

124 1105 228 1148 -Pro
246 1105 411 1158 Patria,
428 1120 510 1162 pro
526 1106 645 1164 Rege
657 1138 670 1159 ,
685 1105 797 1149 viris
817 1107 1054 1168 spoliamus
1075 1107 1117 1150 &
1129 1097 1258 1152 auro.

143 1186 292 1240 Quare
313 1185 427 1243 agite
445 1186 663 1244 Agricolae
677 1219 688 1238 ‚
709 1185 826 1229 duris
847 1187 890 1230 &
907 1199 956 1230 ut
975 1186 1118 1230 excita
1139 1189 1267 1231 rebus

142 1267 262 1312 Adsit
281 1267 441 1310 humus
455 1300 466 1320 ‚
486 1282 658 1311 mecum
678 1268 886 1325 proprios
907 1267 1142 1326 expendite
1162 1270 1320 1312 cultus·

201 1347 445 1393 Immensos
467 1347 542 1391 alii
562 1348 722 1393 traQus
736 1382 749 1402 ,
768 1350 812 1392 ὃ(
826 1349 944 1393 vasta
965 1349 1191 1407 requirant

92 1472 100 1477 ,
141 1427 330 1484 Praedia,
348 1428 543 1471 centenis
566 1443 661 1485 quae
681 1429 764 1472 vix
783 1430 1035 1488 subigantur
1056 1429 1206 1473 aratris
1219 1445 1233 1473 ε

146 1507 232 1551 Cui
250 1510 391 1564 placet
412 1508 579 1552 utilitas
599 1511 641 1553 &
660 1510 826 1553 amoeni
848 1511 983 1568 gratia
1006 1510 1116 1553 ruris
1131 1543 1145 1563 ,

146 1590 252 1643 Quo
273 1589 468 1646 potiatur
487 1604 626 1644 emat,
648 1606 742 1634 non
761 1593 875 1635 unde
897 1603 1100 1649 gravetur
1116 1595 1358 1648 ·,'agrorum

146 1671 254 1712 Non
272 1669 427 1713 faciem
448 1672 616 1715 tantum
630 1705 643 1726 ,
656 1673 729 1715 sed
748 1687 879 1730 aquas
903 1668 1104 1716 observet
1125 1673 1168 1715 &
1184 1686 1359 1719 auram·²

148 1751 393 1805 Explorans
412 1765 505 1795 non
521 1751 757 1808 multiplici
776 1751 908 1809 quam
927 1752 1091 1796 ludicra
1107 1751 1225 1807 jaan

149 1830 353 1887 Lympha
366 1829 474 1873 fluat
485 1862 498 1882 ‚
514 1830 587 1874 sed
601 1830 732 1887 quam
749 1831 889 1874 facilis
904 1864 917 1885 ,
932 1831 1062 1889 quam
1077 1831 1240 1899 largior
1257 1831 1435 1875 hortum

142 1904 310 1968 *Irriget
322 1942 334 1962 ,
351 1924 401 1955 ac
421 1908 530 1952 dites
550 1911 636 1955 late
654 1911 857 1968 fundatur
874 1911 921 1954 in
939 1925 1083 1971 agros·

216 1989 284 2033 Sit
305 1991 494 2032 clemens
517 1991 697 2043 coelum,
718 1991 959 2051 mollesque
980 1990 1252 2048 frequentius
1273 2005 1395 2035 auras

156 2068 304 2124 Quam
322 2082 484 2116 ventos
499 2069 653 2112 habeat
674 2086 684 2113 :
708 2070 924 2127 pluviales
948 2071 1127 2130 pinguis
1146 2074 1201 2116 ad
1216 2071 1395 2117 Austros

157 2150 350 2192 Pendeat
369 2149 529 2208 exigue
551 2152 679 2193 tellus
693 2183 707 2204 ,
725 2149 957 2207 depreffior
977 2150 1066 2195 ima

161 2231 267 2271 Non
287 2232 491 2275 convalle
509 2232 649 2277 latens
662 2264 676 2284 ,
693 2231 1027 2280 nonmontibus
1045 2233 1194 2289 aspera
1213 2228 1339 2277 nudis
1352 2265 1367 2287 ,

158 2310 252 2352 Nec
271 2310 488 2366 torpentis
507 2326 627 2368 aquae
648 2311 751 2354 diris
772 2311 921 2355 infesta
936 2313 1138 2357 venenis.

224 2389 396 2432 Arduus
418 2392 471 2433 ad
490 2391 674 2439 Boream
685 2380 824 2434 *mons
846 2392 1168 2447 tempestatibus
1182 2395 1356 2449 horret,

163 2468 218 2515 Et
237 2458 428 2518 cererem
445 2470 590 2529 planis
616 2470 755 2516 imber
772 2469 957 2518 suffocat
980 2471 1027 2518 in
1048 2472 1190 2535 agrin-
