1482 2834
139 219 250 295 238
385 219 722 274 PRAEDII
765 216 1124 273 Rosa-101

133 323 206 364 De
232 319 441 377 lacrymis
460 352 474 373 ,
499 320 616 363 vites
642 318 776 363 etiam
801 331 920 361 nunc
945 316 1090 360 oderit
1113 317 1250 362 almas
1270 329 1286 361 ε

74 398 78 401 ⁴
133 403 256 446 Vitis
281 413 330 444 ut
355 401 447 458 ipsa
470 414 590 445 retro
615 400 893 444 tendentibus
915 396 1053 455 usque
1077 396 1264 456 flagellis

132 483 355 541 Diffugiat
375 516 387 537 ,
410 483 574 526 ferrum
598 485 724 526 velut
748 481 795 524 in
819 480 1026 524 frondosa
1050 479 1278 536 Lycurgus

132 566 317 609 Brachia
344 565 488 608 rursus
517 577 614 622 agat
631 597 645 618 ‚
671 563 930 620 veteresque
954 560 1181 605 resuscitet
1203 559 1308 606 itas.

192 649 290 705 Ipsa
315 647 622 705 Meliphyllon
645 645 806 690 humili
830 636 883 688 de
908 643 1072 700 cespite
1097 642 1198 685 rufo

133 731 262 772 flore
277 726 1004 786 micans,Apis(inquit)erat‚quarn
1017 726 1145 767 Flora
1161 725 1375 766 latentem
1407 763 1413 787 ·.

133 810 290 854 Nescia
315 825 451 867 quum
473 822 693 867 premeret
719 808 869 867 digitis
887 842 900 861 ,
931 809 975 850 se
998 805 1175 849 vindice
1201 804 1301 848 laedi

135 891 337 950 Cuspidis
359 891 551 935 indoluit
571 890 760 948 punctu:
780 903 923 947 neque
942 889 1061 932 lenta
1079 889 1310 931 volantem

133 975 272 1018 Poena
290 974 434 1017 secuta
450 987 572 1016 ream
590 973 650 1015 est
670 984 680 1016 τ
702 972 750 1015 in
773 973 933 1015 odoras
950 974 1133 1027 utraque
1154 969 1311 1012 crescit
1372 997 1375 998 ν
1411 950 1413 955 .

132 1057 214 1099 Ala
239 1070 388 1099 comas
407 1088 420 1108 ,
446 1053 676 1111 subitaque
700 1053 832 1110 pedes
858 1051 1005 1095 radice
1028 1063 1264 1100 tenentur-⁸,

133 1138 367 1194 Herbaque
393 1135 445 1179 fit
461 1168 474 1188 ‚
505 1135 591 1192 qua
618 1148 711 1178 non
734 1133 967 1188 jucundior
992 1134 1127 1175 altera
1153 1130 1295 1174 tristes

134 1221 270 1263 Curat
295 1233 398 1275 apes
419 1250 432 1271 ‚
461 1216 676 1259 medicata
699 1229 868 1259 vocans
894 1214 942 1256 in
966 1212 1079 1256 testa
1103 1213 1277 1269 fugaces
1293 1238 1310 1262 ,

132 1301 188 1344 Et
214 1299 330 1343 dulci
353 1298 507 1342 fracias
533 1309 737 1354 reparans
762 1295 997 1353 spiramine
1019 1295 1158 1358 vires.

193 1383 367 1425 Interea
391 1394 554 1437 pueros
583 1378 736 1422 Olitor
758 1377 1062 1433 famulumque
1087 1375 1388 1432 sequentem,-

136 1463 185 1507 Si
212 1463 318 1521 quid
340 1463 566 1519 displiceat
581 1493 595 1514 ‚
625 1459 774 1504 verbis
800 1457 975 1516 castigat
1000 1456 1192 1506 amaris3

135 1547 232 1589 Nec
250 1546 397 1590 laudes
417 1544 575 1587 reticet
594 1541 770 1584 meritas
791 1556 803 1584 :
827 1553 930 1583 nam
950 1540 1076 1582 laude
1094 1540 1169 1582 vel
1190 1537 1312 1595 ipsos

134 1627 364 1687 Agricolas
389 1625 599 1668 stimules.
617 1624 743 1667 Tunc
759 1622 790 1665 fi
811 1620 909 1680 quis
929 1622 981 1665 ab
1007 1622 1161 1673 arbore
1178 1618 1344 1663 fruetus

134 1709 316 1754 Decidit
330 1721 430 1752 ante
445 1700 560 1752 diem
579 1740 590 1760 ‚
611 1706 721 1765 legit
735 1705 828 1762 ipse
842 1738 855 1759 ,
872 1699 1142 1759 domumque
1159 1713 1373 1758 reportat.

137 1793 186 1835 Si
206 1807 291 1849 qua
308 1792 405 1834 solo
424 1789 538 1844 jacet
554 1780 719 1840 herba,
747 1786 871 1845 gravi
890 1786 923 1829 fi
942 1786 1138 1842 pondere
1156 1796 1303 1828 ramus

135 1874 377 1923 Fleffltur3
408 1887 433 1916 e
459 1885 573 1914 terra
598 1872 766 1913 relevat
784 1902 796 1922 ,
820 1867 1029 1924 furcaque
1053 1865 1227 1909 bicorni

137 1955 327 1999 Sustinet
344 1987 356 2006 ‚
382 1953 519 2010 inque
543 1951 637 1994 dies
663 1963 799 2005 opera
824 1947 1084 1991 instituenda
1109 1946 1342 2003 sequentes

137 2036 347 2094 Defignat
366 2067 379 2088 ‚
410 2033 537 2077 licito
562 2044 788 2089 apponens
813 2029 948 2073 etiam
973 2028 1066 2072 otia
1090 2030 1232 2071 lucro.

198 2117 366 2161 Felices
389 2113 625 2159 hominum
653 2126 778 2156 curas
798 2144 810 2164 ‚
838 2125 944 2168 quas
969 2110 1086 2153 inter
1109 2109 1268 2166 iniquo

137 2201 245 2242 Non
263 2197 444 2250 sceleri,
474 2209 568 2239 non
587 2194 766 2237 invidiae
784 2193 909 2235 locus
932 2206 1074 2235 :unus
1093 2192 1138 2235 &
1154 2192 1288 2234 horto

138 2283 195 2324 Et
210 2278 438 2322 defideriis
464 2277 525 2322 est
550 2275 791 2324 terminus;
817 2287 904 2316 una
927 2273 1120 2317 ferarum

138 2363 271 2405 Furta
295 2361 455 2403 timent
480 2376 492 2403 :
517 2359 696 2401 vicinus
725 2370 877 2400 amans
902 2355 1083 2399 virtutis
1111 2356 1156 2400 δί
1178 2351 1294 2413 aequi

139 2441 456 2491 lncustoditum
480 2439 718 2485 formidine
739 2437 894 2483 liberat
917 2450 1088 2496 agrum.
