1500 2886
97 298 174 341 20
337 286 674 345 PRAEDII
720 269 1087 346 R'vsrlct

93 384 336 443 Excoquit,
359 389 562 432 humanis
581 395 699 447 opus
713 391 828 434 haud
843 390 1056 434 imitabile
1074 385 1211 435 d'urisi

95 465 264 510 Tantus
290 468 398 511 inest
425 471 554 515 terris
580 473 701 515 calor
717 503 729 524 ‚
757 484 807 514 ut
830 471 1035 515 Plutonia
1059 472 1211 515 norint
1232 478 1236 482 '

96 545 248 602 Regna
264 580 277 600 ‚
302 549 574 595 metalliferis
603 552 683 610 qui
709 554 1018 610 demerguntur
1038 552 1086 595 in
1102 551 1270 601 antris;

95 626 325 684 Tantaque
342 630 562 686 sulphurei
580 632 644 675 est
654 632 724 676 vis
743 632 857 690 ignis
872 665 883 685 ‚
901 644 951 675 ut
968 633 1133 689 impete
1147 631 1270 675 vasto

96 709 394 753 Fundamenta
417 710 502 755 soli
526 712 693 768 quatiat
708 745 720 766 ,
751 713 1013 770 montesque
1038 715 1240 757 revellat.

98 786 239 832 AEnea
258 804 364 846 quas
384 803 604 836 tormenta
622 807 814 837 vomunt
826 827 839 847 ‚
866 785 1115 837 imitamine
1135 793 1335 837 flammas
1353 782 1358 786 ”

96 869 333 914 Haufimus
354 871 379 915 ὲ
398 874 526 918 terris
547 885 563 924 3‘
581 889 664 918 nec
684 889 756 918 eas
775 889 926 918 novus
946 874 1098 918 intulit
1117 875 1215 918 orbi

97 948 241 1006 Impia
264 951 502 997 subducens
526 957 646 998 coelo
669 970 748 1012 per
773 957 889 999 furta
912 956 1217 1011 Prometheus.

161 1030 284 1087 Ignis
308 1032 433 1075 humi
456 1035 626 1091 gremio
650 1035 825 1078 latitans
851 1036 894 1078 se
921 1035 1070 1091 prodit
1095 1037 1146 1078 ab
1170 1036 1273 1093 ipfis

102 1110 277 1154 Oceani
300 1112 514 1156 ferventis
539 1115 663 1172 aquis
690 1131 704 1165 ;
734 1117 778 1158 &
803 1130 943 1172 nuper
971 1117 1024 1159 ad
1051 1118 1184 1163 Indos

99 1191 246 1234 Insula
271 1204 373 1235 nata
398 1194 507 1236 mari
534 1195 594 1237 est
611 1228 622 1247 ‚
650 1206 776 1252 partu
802 1209 933 1252 quam
959 1207 1074 1238 terra
1101 1195 1278 1254 fragoso

104 1264 328 1326 Protulit,
357 1288 415 1316 ex
439 1274 532 1317 imo
557 1275 754 1329 jaculatis
781 1290 959 1332 aequore
986 1276 1119 1322 saxis.
1154 1310 1158 1314 .

104 1352 293 1396 Incaluit
319 1352 407 1397 late
431 1368 596 1409 pontus
620 1356 891 1399 fumantibus
917 1357 1046 1400 undis
1066 1373 1083 1407 ;

105 1436 252 1490 Atque
272 1425 441 1476 novum
460 1437 618 1493 pelago
636 1436 810 1478 dorsum
824 1469 837 1489 ,
857 1438 1079 1494 caecasque
1099 1439 1279 1481 latentis

106 1514 305 1573 Prodigii
329 1515 475 1558 causas
502 1515 623 1559 avidi
647 1517 912 1574 cognoscere
931 1550 943 1570 ‚
968 1517 1192 1561 flammam

106 1595 373 1640 Terrestrem
397 1595 563 1638 ratibus
588 1595 721 1639 nimis
740 1629 753 1650 ,
776 1597 865 1640 heu
885 1600 896 1641 l
918 1597 1086 1641 sensere
1106 1598 1278 1642 solutis.

172 1677 366 1720 Plurima
382 1676 471 1731 jam
488 1678 566 1720 sub
585 1689 738 1721 monte
757 1692 870 1721 cavo
897 1693 992 1736 quae
1013 1678 1185 1737 cogitur
1202 1680 1341 1732 unda,

108 1760 270 1802 Fervet
289 1759 342 1801 ab
361 1769 528 1801 aeterno
547 1790 560 1810 ,
579 1760 709 1801 tellus
731 1772 862 1815 quem
881 1757 1053 1813 subjicit
1071 1790 1082 1811 ,
1103 1759 1236 1816 igne.'

110 1840 179 1882 Ad
195 1839 297 1897 juga
315 1839 482 1881 summa
497 1852 639 1894 vapor
653 1838 768 1882 levis
785 1841 937 1882 evolat
954 1872 966 1892 ,
986 1841 1100 1882 unde
1120 1841 1316 1882 relabens

111 1918 315 1964 Confluit
341 1918 389 1960 in
412 1918 536 1962 rivos
555 1951 568 1971 ,
597 1919 674 1974 qui
700 1933 841 1974 prona
867 1933 948 1975 per
979 1934 1084 1962 arva
1108 1920 1287 1973 voluti,

113 2000 305 2043 Oceano
323 1999 528 2056 lymphas
546 2031 558 2052 ‚
581 2013 685 2055 quas
705 2013 909 2055 accepere
927 2032 939 2053 ‚
966 2002 1194 2046 redonant.

113 2080 232 2124 Hinc
249 2091 528 2137 aqualmonte
547 2078 686 2122 fluens
701 2079 816 2123 levis
832 2079 892 2122 est
904 2112 918 2132 ,
937 2081 1175 2137 eademque
1190 2079 1369 2124 salubris
1382 2096 1403 2127 ι

115 2160 297 2203 Scilicet
322 2157 347 2202 ὲ
369 2159 492 2201 tenui
517 2159 630 2202 levis
657 2158 716 2202 est
742 2171 945 2203 concreta
967 2174 1166 2216 vapore3

115 2242 171 2284 Et
189 2246 274 2297 'per
299 2254 526 2283 arenarum
553 2253 732 2282 manans
759 2240 877 2296 quafi
903 2242 1024 2293 cola,
1053 2254 1257 2298 repurgat

118 2323 255 2380 Quod
272 2321 402 2374 vitii,
423 2322 542 2377 quod
560 2321 698 2363 sordis
717 2319 825 2362 inest
843 2320 1111 2376 pluvialibus
1131 2321 1284 2372 undis·,

120 2405 234 2460 Quae
265 2402 433 2445 sursum
458 2401 562 2444 licet
586 2401 634 2443 in
662 2410 814 2444 tenues
839 2399 864 2443 a
896 2401 1204 2456 sole'vapores

121 2485 369 2528 Educantur
394 2482 532 2527 humo
550 2514 562 2535 ,
588 2494 770 2526 terrenae
797 2480 962 2525 semina
986 2481 1098 2525 labis
