1482 2834
422 260 721 319 LIBER
787 259 990 318 XIV.
1046 297 1051 305 -
1198 267 1312 336 333·

77 359 136 406 Et
163 360 353 405 saturum
378 364 571 420 praesepe
587 395 600 416 ,
627 362 762 406 novis
786 376 843 405 an
867 360 1002 405 fidere
1026 358 1192 418 regnis.

141 443 350 500 Antiquis
376 443 526 487 emiffa
552 442 667 486 favis
693 456 786 485 non
815 455 902 485 una
926 440 1136 496 juventus

77 524 337 581 Digreditur
363 540 375 568 ε
403 537 580 568 veteres
604 522 775 580 aliquot
801 520 1092 579 migrantibus
1120 521 1285 564 addunt

78 605 138 647 Se
162 604 349 648 comites
368 637 381 658 ,
395 617 456 648 ⁶ut
475 603 628 647 cuneta
647 616 773 647 novo
790 604 1073 646 moderentur
1098 601 1147 644 in
1167 603 1316 647 alveo.

79 684 272 742 Egregio
297 687 444 742 plures
467 685 681 740 juvenum
705 685 757 728 de
781 683 893 728 flore
918 682 1106 727 viciffim

79 763 314 808 Blanditiis
339 767 501 809 vetulae
524 765 716 809 retinent
740 779 756 814 ·,
781 776 832 808 ut
855 765 1137 823 olentialate

80 845 201 888 Rura
224 856 359 888 metat
376 878 389 898 ‚
416 844 602 902 ceraque
630 846 790 889 domos
814 858 864 888 ac
890 846 1023 888 melle
1047 843 1262 898 juventus

81 925 269 970 Instruat
293 941 308 975 ·‚
334 924 518 983 agrestes
543 936 648 969 aetas
673 939 816 983 neque
839 924 944 969 fefl‘a
965 926 1139 970 labores

82 1007 307 1052 Desuetos
331 1018 529 1063 repetat,
555 1007 702 1065 longae
726 1007 803 1050 vel
826 1006 1003 1050 condita
1025 1006 1200 1050 Brumae

82 1089 198 1132 Ante
226 1088 343 1131 diem
373 1087 499 1131 νὶᾶιι
525 1087 755 1131 consumat
777 1087 909 1130 mella
933 1086 1110 1132 diurno·

144 1169 270 1225 Saepe
294 1167 372 1211 fibi
395 1182 489 1211 non
511 1168 608 1212 visa
632 1167 736 1212 satis
763 1167 975 1211 comitata
993 1200 1007 1220 ,
1033 1169 1110 1211 vel
1134 1166 1321 1212 imbrem

83 1249 382 1293 Praemetuens
399 1281 412 1302 ,
444 1248 558 1292 redit
584 1250 638 1291 ad
663 1247 831 1305 patrios
855 1247 1025 1306 Regina
1050 1260 1230 1305 penates
1246 1281 1261 1303 ,

85 1329 297 1373 Delestus
322 1329 487 1372 factura
510 1341 691 1372 novos:
717 1328 840 1384 plebs
866 1327 1014 1371 omnis
1040 1342 1219 1372 euntem

89 1410 375 1467 Subsequitur
395 1426 406 1453 ε
431 1421 606 1452 veteres
629 1407 807 1452 noctem
831 1421 926 1451 non
948 1410 1135 1466 amplius
1162 1425 1298 1455 unam

89 1491 302 1549 Hospitio
328 1490 558 1548 indulgent
581 1505 597 1540 ·,
623 1489 704 1532 nifi
729 1489 909 1549 longior
932 1489 1106 1548 ingruat
1130 1491 1288 1538 imber.

153 1570 203 1615 Si
220 1570 344 1628 piget
360 1568 550 1625 incoepti
568 1570 746 1613 reduces
763 1602 776 1623 ‚
797 1583 878 1613 nec
895 1570 1053 1627 sponte
1071 1572 1329 1630 relinquunt

92 1650 214 1694 Orto
242 1651 335 1693 sole
361 1651 552 1711 domos3
576 1650 628 1694 vi
651 1651 969 1706 protruduntur
995 1639 1044 1694 &¹
1061 1653 1212 1699 armis,

95 1732 147 1775 Si
172 1730 365 1774 steterint
390 1729 479 1773 illae
505 1741 658 1773 contra
674 1762 687 1785 ,
711 1729 974 1787 paribusque
998 1731 1191 1776 resistant

96 1810 282 1856 Viribus
300 1844 313 1864 ‚
341 1811 385 1853 &
408 1822 583 1854 veteres
607 1825 750 1867 neque
767 1810 928 1868 poffint
952 1813 1116 1868 pellere
1134 1819 1300 1861 turmas
1316 1821 1350 1872 ὲ,

97 1894 195 1935 Nec
224 1890 351 1935 tectis
376 1890 491 1949 abigi
516 1906 532 1941 ·,
559 1905 672 1948 quos
698 1890 872 1949 agmina
895 1904 1050 1937 neutra
1077 1895 1225 1940 duello

99 1972 284 2016 Evicete
311 1974 422 2015 lares
439 2004 453 2024 ‚
479 1971 605 2014 fimul
628 1983 811 2029 utraque
835 1971 1030 2029 partibus
1057 1975 1198 2031 aequis

101 2052 407 2109 Auspiciisque
428 2052 579 2095 colunt
600 2052 907 2096 communibus
927 2068 940 2097 ε
962 2055 1049 2097 alta
1068 2056 1304 2101 domorum

102 2134 208 2180 Pars
232 2133 396 2177 habitat
412 2165 426 2186 ‚
451 2146 550 2190 pars
578 2132 666 2176 ima
689 2145 811 2177 tenet
832 2148 847 2182 ·,
869 2134 944 2177 sed
970 2136 1089 2178 nulla
1111 2138 1274 2182 laboris
1290 2173 1306 2195 ,

105 2216 240 2259 Nulla
266 2215 370 2256 duas
393 2212 509 2256 inter
533 2212 639 2257 vitae
665 2213 931 2258 commercia
954 2227 1124 2273 gentes,

169 2295 288 2338 Mox
312 2294 463 2337 eadem
484 2292 577 2337 bini
602 2295 728 2338 velut
751 2293 868 2337 intra
893 2295 1059 2338 moenia
1081 2298 1261 2355 longam

107 2376 216 2419 Non
243 2374 417 2418 servant
439 2373 595 2431 populi
620 2387 772 2430 pacem
799 2389 815 2424 ·‚
838 2374 1044 2432 tectoque
1067 2376 1142 2420 sub
1168 2393 1261 2424 uno

110 2455 209 2510 ‚Vix
234 2454 582 2518 consanguineos
604 2453 720 2502 inter
742 2452 821 2501 stat
845 2454 983 2518 gratia
1004 2456 1158 2504 fratres
1170 2474 1189 2512 3
