1482 2834
149 211 264 273 340
344 194 709 274 PRAEDII
751 192 1178 249 Rvsrtct

145 296 201 339 Et
222 295 386 340 veteris
411 310 467 340 ne
492 309 608 340 vana
635 307 762 352 putes
789 293 1012 352 praeconia
1036 293 1191 345 famae,

145 377 276 420 Nunc
300 376 432 419 etiam
449 390 568 420 mare
585 388 704 420 trans
723 377 859 419 altum
877 374 992 430 jacet
1013 374 1194 433 angulus
1216 368 1356 415 Orbis

144 456 293 510 Quem
317 455 394 513 qui
416 455 562 510 norit,
588 469 720 513 apum
745 456 890 499 credat
914 468 985 498 me
1008 452 1191 497 nomine
1210 452 1355 510 gentis

144 535 270 581 Illius
295 536 520 595 ingenium
538 569 551 590 ‚
581 537 624 579 δε
647 536 798 580 varios
823 532 1050 579 celebrasse
1073 534 1264 577 labores,

207 620 315 662 Non
341 618 471 662 certis
503 629 700 661 armenta
723 616 843 660 notis
862 648 875 670 ,
900 629 993 659 non
1019 614 1163 658 limite
1189 613 1356 671 fignant

146 698 268 742 Arva
295 714 310 749 3
335 699 408 743 sed
433 699 482 742 in
504 698 698 743 medium
724 679 968 755 quaerentes
995 693 1174 747 omnia,
1201 693 1348 752 fruges

120 823 122 825 .
147 780 319 824 Horrea
344 779 606 824 convectant
634 779 682 822 in
705 777 876 836 publica
903 793 915 821 t
945 778 1063 820 nulla
1088 774 1258 832 politos

149 859 400 917 Disciplina
425 859 551 903 viros
577 861 684 903 latet
710 869 961 916 opportuna
987 856 1162 900 tuendis

153 941 335 998 Imperii
360 941 486 984 rebus
513 956 525 984 ε
553 951 713 983 terram
740 952 839 995 pars
865 937 1023 981 scindit
1046 950 1224 987 aratro·‚

151 1021 258 1064 Pars
284 1019 445 1064 niveos
468 1019 652 1063 fecunda
682 1032 834 1076 greges
861 1018 916 1060 ad
941 1017 1096 1073 pascua
1122 1015 1269 1060 ducit:

154 1102 258 1145 Pars
286 1101 504 1144 frumenta
531 1100 635 1144 terit
660 1099 775 1143 saxis
791 1132 804 1152 ,
833 1111 909 1142 aut
931 1097 1142 1155 excoquit
1167 1097 1268 1158 igne
1283 1111 1302 1148 ⁰,

154 1183 300 1239 Atque
324 1183 402 1226 alii
425 1183 555 1226 falces
571 1215 584 1236 ,
615 1181 692 1225 alii
715 1181 884 1226 fabrilia
909 1179 1097 1224 traClant

157 1265 294 1307 Arma
319 1279 333 1312 3
355 1263 563 1321 domique
588 1263 674 1306 suae
699 1262 850 1305 timuit
873 1261 949 1320 qui
972 1275 1100 1306 mane
1123 1259 1318 1316 labanti,'

158 1346 263 1390 Sole
290 1346 467 1388 cadente
490 1345 629 1387 redux
652 1345 704 1388 ab
730 1356 900 1396 aratro,
932 1343 1087 1401 cunsta
1112 1344 1302 1387 colonus

155 1425 280 1470 Sarta
308 1425 432 1469 videt
448 1457 461 1479 ,
491 1425 702 1482 tefflsque
728 1424 838 1468 nihil
863 1423 1071 1468 formidat
1093 1422 1275 1482 apertis.

222 1505 420 1550 Confilio
445 1519 538 1548 non
561 1504 656 1560 jure
681 1505 805 1549 senes
831 1503 1112 1548 dominantur
1138 1518 1151 1547 τ
1171 1504 1222 1546 ab
1242 1500 1368 1547 annis
1436 1527 1438 1529 ·

157 1590 260 1633 Una
285 1586 543 1645 potestatem
570 1585 675 1630 facit
700 1583 975 1642 experientia
1000 1597 1178 1633 rerum3

157 1671 345 1726 Unaque
372 1663 448 1711 leit
474 1666 534 1711 est
557 1663 668 1720 juris
693 1679 842 1709 amans
869 1664 944 1708 sua
969 1664 1128 1722 cuique
1146 1665 1378 1710 voluntaso'
1428 1653 1432 1670 ³

157 1751 266 1795 Non
282 1748 488 1792 homines
511 1746 770 1805 (proprium
793 1746 868 1804 qui
887 1746 950 1789 nil
977 1744 1233 1802 potiuntur,
1260 1746 1303 1788 δε
1320 1745 1401 1789 usu

160 1828 330 1875 Cun&a
355 1829 540 1884 tenent)
567 1828 661 1871 auri
687 1829 832 1885 fulgor
857 1826 973 1883 capit
999 1841 1013 1869 ε
1037 1839 1126 1868 una
1150 1839 1226 1882 per
1249 1825 1356 1869 illos
1425 1833 1429 1836 ·

158 1913 212 1954 In
237 1910 382 1968 pretio
407 1909 468 1953 est
489 1909 655 1967 pietas;
679 1909 756 1952 alii
781 1923 862 1953 nec
884 1907 1063 1965 peston-a
1086 1918 1298 1963 torquent

158 1991 344 2036 Invidia:
368 1990 531 2034 stimuli
554 1989 685 2047 quam
710 2004 822 2047 quos
847 2000 1003 2032 movet
1027 1989 1183 2031 aemula
1208 1987 1372 2032 virtus.
1423 1977 1427 1980 ’

223 2071 431 2115 Erudiant
452 2084 715 2128 quamquam
731 2084 894 2128 pueros
921 2070 1123 2124 exempla
1141 2079 1369 2123 parentum
1383 2093 1402 2118 ,

162 2154 419 2199 Formandae
445 2163 593 2195 tamen
618 2150 731 2194 haud
755 2149 908 2193 desunt
935 2160 1153 2206 praecepta
1176 2147 1367 2203 juventae
1383 2161 1406 2198 a

161 2235 218 2277 In
241 2246 475 2276 commune
499 2233 642 2288 placet
666 2230 775 2289 fingi
799 2229 1052 2274 communia
1077 2228 1221 2286 gentis

161 2314 354 2371 Pignora
378 2328 393 2363 ;
422 2327 478 2355 ne
502 2324 675 2369 patrum
699 2311 883 2368 privatae
910 2309 1082 2367 publica
1105 2322 1220 2351 curae

162 2394 324 2440 Totius
350 2393 568 2436 incumbat
595 2393 691 2448 spes
718 2392 762 2434 δε
785 2390 943 2433 fiducia
968 2387 1127 2447 Regni.

163 2477 293 2537 Quos
315 2472 474 2534 populi
496 2470 642 2534 legere
664 2473 813 2518 Duces
838 2483 1069 2528 rerumque
1093 2464 1321 2526 magistros
