1482 2834
528 227 822 291 'Ltnrn
880 221 1011 285 XI.
1259 215 1388 295 ‘5477

147 332 263 382 Otia
285 334 504 394 permittit
525 334 707 379 Themis
734 343 837 377 autu
960 327 1001 370 ia
1018 358 1030 379 ,
1055 320 1208 368 vestrae

154 416 261 472 Quo
284 418 417 461 liceat
439 415 527 461 viti
550 414 758 472 cellisque
781 329 1014 546 1&oe
1039 407 1178 464 leges.

216 498 467 542 Praefidium
483 530 498 551 ,
525 498 705 540 Caulete
719 527 732 548 ‚
749 491 863 545 fori,
927 490 1077 546 crique
1099 480 1286 530 Senatus

153 576 269 621 Laus
291 579 335 622 &
352 592 501 630 amor,
522 575 655 635 quum
672 573 823 631 specio
841 572 982 616 libens
1001 581 1045 612 te
1063 581 1163 611 rure
1182 557 1449 623 quotannis5

153 657 356 701 Pondere
380 671 517 715 quum
538 669 683 700 rerum
709 653 855 711 pofito
869 684 882 705 ,
909 664 991 695 nec
1019 647 1186 724 ince
1209 643 1347 689 tinsti

150 736 291 788 Neste
317 737 462 781 nitens
478 770 492 791 ,
519 736 612 780 oris
638 735 712 778 sed
734 731 954 787 majestate
978 729 1197 774 verendus
1212 759 1229 782 ‚

156 818 417 861 Bacchaeum
443 814 684 860 moderaris
709 828 824 871 opus
850 828 864 864 ;
888 810 1062 857 vinaria
1082 812 1232 869 legum

155 899 225 943 Te
249 913 392 956 neque
417 911 612 942 tutorem
635 896 770 954 pudet
795 895 911 938 inter
933 894 1052 937 labra
1070 890 1252 945 videri,'

156 980 346 1025 Palladis
371 981 415 1023 &
438 981 621 1037 plenum
642 976 794 1020 studiis
812 973 1129 1031 Themidisque
1147 1003 1160 1026 ,
1183 970 1309 1030 Lyaei

157 1061 302 1106 Patris
327 1063 381 1106 ad
405 1059 590 1118 agrestes
615 1058 813 1102 animum
837 1054 1067 1100 demittere
1093 1067 1234 1098 curas.

159 1141 350 1185 Deliciae
375 1140 562 1198 populi,
590 1137 838 1183 circumstat
862 1135 1035 1180 sordida
1059 1133 1203 1178 musto

162 1223 252 1266 Sed
276 1222 471 1266 formosa
496 1233 644 1264 tamen
667 1218 843 1262 soboles
870 1231 885 1266 ;
909 1215 1149 1273 patriaeque
1175 1215 1358 1258 docetur

162 1303 405 1361 Invigilare
429 1301 523 1354 rei,
550 1299 683 1344 discat
709 1299 813 1342 dum
840 1296 1048 1356 grandior
1071 1295 1183 1339 olim
1428 1280 1430 1282 μ

163 1383 326 1427 Εὰἰᾶἰς
350 1381 533 1439 vitiique
559 1378 699 1438 magis
725 1377 957 1422 defendere
983 1378 1121 1436 leges.

224 1467 299 1509 Tu
314 1477 492 1523 quoque
513 1461 741 1505 Musarum
761 1457 956 1516 sequeris
974 1457 1051 1515 qui
1068 1457 1201 1502 castra
1213 1489 1226 1511 ‚
1243 1456 1411 1502 relistis

166 1547 307 1592 Dolia
333 1560 417 1603 pro
440 1543 567 1588 libris
595 1541 711 1600 agita
738 1557 751 1586 :
777 1555 874 1598 quae
898 1539 1006 1583 vina
1033 1539 1204 1596 parabis

102 1657 109 1662 -
165 1628 401 1686 Ingenium
424 1625 586 1671 facient
603 1656 616 1676 ,
648 1624 693 1667 δε
718 1622 887 1679 perdita
913 1633 1114 1678 tempora
1142 1620 1347 1676 (chartas

168 1711 325 1764 Quum
341 1718 513 1762 repetes
531 1703 800 1760 urbemque)
818 1701 899 1746 tibi
918 1716 1018 1746 cum
1036 1702 1191 1747 fenore
1210 1703 1411 1751 redderit.⁴

170 1789 374 1834 forfitan
399 1788 444 1831 &
470 1786 585 1830 ruris
611 1785 840 1829 dulcedine
870 1796 1020 1842 captus
1039 1816 1052 1838 ,
1082 1784 1247 1828 amabis

170 1871 295 1915 Lene
320 1867 409 1912 viri
434 1866 619 1922 studium
637 1899 650 1920 ,
678 1880 810 1924 quem
832 1866 1054 1910 fortunata
1079 1865 1280 1910 colendis

173 1952 283 1994 Sors
308 1948 474 1992 addixit
498 1947 613 2007 agris
638 1962 653 1997 ·,
680 1947 724 1990 &
747 1945 825 2004 qui
852 1946 929 1990 fibi
954 1945 1157 2003 cognitus
1180 1946 1292 2001 ιιῐιὶ,ι

175 2030 402 2075 Obscurus
426 2040 626 2072 numerat
649 2027 787 2086 riguis
812 2026 860 2070 in
881 2027 1072 2073 vallibus
1100 2041 1239 2072 annos
1255 2042 1275 2077 3

175 2109 487 2167 permittitque
511 2108 599 2152 suis
622 2109 811 2153 humana
837 2108 1013 2167 negotia
1037 2108 1159 2154 fatis.
1364 2165 1368 2169 st

242 2192 486 2248 Purpureas
511 2188 651 2234 musto
676 2189 873 2234 madidus
899 2191 1003 2233 dum
1028 2190 1201 2235 vinitor
1227 2204 1340 2247 uvqs

177 2270 367 2330 Colligit
383 2303 396 2323 ‚
424 2270 469 2313 &
492 2268 628 2313 validi
657 2269 876 2312 sordentia
903 2268 1086 2326 plaustra
1110 2268 1294 2324 juvenci

181 2351 406 2409 Contenta
431 2349 606 2395 cervice
634 2350 814 2394 trahunt
829 2382 842 2403 ‚
866 2349 1133 2409 strepituque
1158 2352 1371 2396 resultant

180 2433 416 2481 foemineo
438 2432 604 2483 collesz
627 2429 733 2478 hinc
757 2442 890 2490 atque
913 2430 1018 2478 hinc
1041 2431 1210 2476 lumina
1227 2434 1417 2481 volvens

1071 2512 1100 2558 S
1131 2511 1180 2570 iij
