1500 2834
196 232 307 298 150
431 218 767 276 PRAEDII
813 220 1182 277 Rtssrtct

187 322 374 363 Flumen
401 334 413 368 3
443 320 487 361 &
513 321 721 364 arboreos
747 323 822 364 vel
851 334 1061 378 aquarum
1091 318 1222 375 copia
1248 319 1361 363 fetus
1418 331 1419 334 ’

188 401 295 452 Quo
320 401 465 455 placet
491 400 712 458 Agricolis
738 413 927 445 maturat
953 401 1136 450 mense·,
1162 401 1237 442 ve'l
1261 399 1365 443 anni

188 481 386 537 Tempus
409 481 464 524 ad
486 493 736 526 extremum
759 483 958 540 lymphae
983 481 1166 540 penuria
1193 479 1359 524 differt.

248 558 432 620 Irriguis
458 577 565 622 ergo
591 578 731 622 pyrus
759 565 895 608 altera
920 562 1053 606 floret
1077 561 1125 604 in
1150 561 1295 605 hortis
1311 592 1326 614 ,

189 643 339 687 Altera
364 655 573 688 curvatur
599 643 743 688 frustu
769 659 784 694 ;
815 655 1070 701 maturaque
1097 643 1223 686 nullo

190 724 416 780 Tempore
443 722 654 774 deficiunt
679 723 873 768 fitientes
901 737 1036 782 poma
1066 724 1288 772 colonos·‚

190 806 403 863 Dumque
418 805 564 849 solum
579 817 737 849 movet
752 837 765 858 ‚
787 817 862 849 aut
878 806 1094 848 sarmenta
1108 803 1291 848 fluentia
1306 801 1434 847 caedit

191 887 380 931 Vinitor
400 918 414 940 ,
433 886 541 930 hinc
564 887 713 931 dulces
737 885 786 929 in
809 886 973 930 eisdem
999 884 1174 942 sepibus
1197 898 1310 927 uvas

127 957 131 962 ⁴
195 967 383 1026 Colligit
402 1000 416 1020 ‚
443 964 548 1011 hinc
572 966 684 1011 vitis
713 977 857 1022 captat
881 954 1313 1014 florentisodorem.

253 1048 424 1093 Felices
449 1048 644 1091 nimium
666 1046 855 1104 populi,
877 1045 1002 1103 queis
1027 1045 1213 1104 prodiga
1238 1045 1370 1088 tellus
1408 1036 1411 1039 ⁴

193 1128 352 1173 Fundit
371 1143 482 1186 opes
505 1129 559 1172 ad
576 1140 687 1172 vota
707 1128 836 1178 suas·,
857 1127 982 1186 queis
1001 1126 1191 1184 contigit
1210 1125 1330 1168 aestas

197 1211 373 1255 AEmula
389 1210 512 1254 veris
533 1242 546 1263 ‚
563 1208 709 1253 hiems
730 1209 819 1253 fine
838 1209 1004 1267 frigore
1020 1241 1034 1262 ‚
1050 1208 1240 1252 nubibus
1259 1207 1336 1251 ae'r

195 1293 347 1350 Usque
375 1305 526 1335 carens
541 1322 556 1345 ‚
584 1292 800 1348 nulloque
828 1291 974 1346 solum
997 1289 1226 1335 fecundius
1245 1289 1404 1334 imbre.

253 1372 489 1417 Fertilibus
517 1387 624 1432 gens
651 1373 779 1417 dives
805 1373 919 1431 agris
945 1371 1126 1429 aurique
1151 1373 1332 1414 metallo
1350 1402 1366 1423 ‚

196 1454 353 1499 Ditior
372 1453 564 1512 ingeniis
590 1453 827 1497 hominum
853 1453 913 1497 est
937 1452 1163 1510 animique
1187 1450 1376 1509 benigna

198 1538 388 1586 Indole3
417 1536 449 1579 fi
476 1533 624 1579 euasti
650 1533 767 1578 reae
792 1525 1018 1578 discuntur
1041 1535 1095 1578 ab
1118 1548 1211 1578 uno
1228 1566 1242 1588 ,

198 1618 467 1677 Linguarurn
492 1629 759 1673 morumque
787 1615 928 1660 sciens
946 1647 959 1668 ,
987 1614 1370 1672 interprete‘nullo
1390 1621 1409 1667 ⁴‚'

200 1702 389 1758 Europae
414 1699 559 1743 varias
584 1680 740 1757 gentes
768 1696 847 1755 qui
875 1710 1015 1753 nuper
1039 1694 1190 1739 obibat
1205 1726 1220 1748 ‚

202 1781 378 1838 Hospes
397 1779 564 1837 ubique
586 1791 737 1822 novus
754 1810 766 1830 ‚
787 1779 908 1820 nulla
926 1776 1183 1835 peregrinus
1201 1775 1246 1818 in
1266 1777 1391 1819 urbe.
1494 1825 1500 1837 Ι

262 1859 447 1920 Largior
475 1860 644 1919 irriguo
675 1859 752 1916 qui
779 1859 929 1903 succus
954 1860 1006 1902 ab
1030 1857 1169 1901 imbre
1197 1858 1408 1900 redundat
1426 1864 1442 1910 ,'

205 1943 360 1988 Officit
384 1941 610 1987 arboribus
636 1956 651 1991 ·,
678 1939 893 1996 venisque
918 1939 1080 1983 effusus
1102 1971 1115 1992 ,
1143 1938 1276 1983 inerti
1354 1998 1361 2004 ⁶

205 2025 466 2082 Corrumpit
493 2022 608 2067 carie
635 2034 817 2065 truncos
834 2054 847 2074 ‚
879 2032 954 2065 aut
981 2020 1157 2078 gibbere
1182 2021 1338 2064 foedat.

268 2106 447 2150 Plenior
466 2105 559 2162 ipsa
578 2103 655 2147 fibi
675 2116 994 2159 nonnunquam
1012 2101 1214 2146 subvenit
1233 2103 1363 2145 arbor
1382 2105 1399 2155 ‚⁴

209 2189 416 2231 Exudans
445 2200 620 2231 nocuos
645 2184 826 2241 dirupto
852 2183 1018 2227 cortice
1047 2183 1230 2227 succos:

205 2268 327 2310 Vere
356 2266 497 2326 magis
521 2282 538 2318 ;
565 2260 735 2327 largum
761 2264 864 2324 quia
888 2278 995 2308 vere
1020 2263 1270 2321 tepentibus
1296 2261 1412 2322 agris

206 2348 379 2391 Evocat
398 2349 634 2392 humorem
653 2346 777 2392 radix
797 2363 808 2390 :
827 2345 930 2389 hinc
950 2346 1129 2403 myrrha
1143 2377 1156 2398 ‚
1182 2343 1398 2402 sacrisque

208 2428 357 2472 Thura
381 2428 529 2472 Deum
555 2427 731 2487 quaefira
755 2425 866 2472 focis
883 2458 895 2480 ‚
921 2426 1153 2484 sudataque
1177 2425 1303 2483 ligno
