1500 2886
634 250 919 308 Lresn
982 251 1033 309 Ι.
1387 230 1469 331 13(

212 372 300 417 Sed
316 369 439 417 facili
456 370 579 418 vires
596 404 611 427 ,
634 374 680 418 &
698 373 940 420 fertilitatis
963 375 1184 419 honorem

214 453 422 497 Restituit
443 455 564 498 cultu
583 470 597 499 z
617 468 701 498 nos
721 440 876 512 coritra
893 488 906 509 ‚
933 470 1071 513 quum
1095 456 1230 500 semel
1251 453 1383 499 annis

213 535 379 579 Invafit
402 535 522 579 nulla
546 536 801 592 reparabilis
822 548 916 580 arte
940 537 1138 588 seuestus
1158 569 1172 590 ‚

213 615 269 658 In
288 615 414 673 pejus
433 614 604 660 ruimus
621 632 637 668 ·,
665 630 747 660 nec
763 617 900 661 habet
922 630 1076 660 natura
1096 615 1348 675 regress‘um.

277 697 586 754 Expediendus
606 696 692 742 erit
711 697 831 742 saxis
852 698 896 742 δι
916 698 1116 757 gramine
1135 711 1316 754 campus

212 778 270 821 Et
286 776 406 836 ,filice
428 778 473 822 &
490 776 627 833 junco
646 794 660 822 ε
683 777 849 822 filicem
868 777 1040 822 satione
1060 779 1257 822 fabarum

211 858 479 911 Interimes3
504 858 662 914 iuncos
686 859 843 904 vinces
869 861 914 904 &
932 873 1114 918 gramen
1139 872 1282 902 aratro
1300 874 1315 901 .·

215 940 302 984 Sed
317 939 485 997 lapides
503 941 704 985 manibus
722 953 908 984 remove
924 973 937 993 ,
959 939 1217 998 mediosque
1234 955 1314 997 per
1332 954 1463 999 agros

214 1022 360 1069 Altius
384 1024 610 1066 accumula
626 1054 640 1076 ,
667 1024 744 1067 vel
769 1021 1003 1080 grandibus
1029 1022 1165 1066 obrue
1190 1021 1326 1067 foffis.

216 1103 513 1159 Saepe-tamen
530 1103 716 1160 cupidos
738 1105 901 1147 humus
925 1101 1123 1148 exofl‘ata
1142 1104 1346 1148 Colonos

215 1183 433 1240 Decipit3
459 1184 622 1228 amotis
648 1185 723 1228 seu
749 1183 838 1239 iam
862 1186 1014 1228 durata
1038 1184 1204 1241 lapillis

214 1263 393 1325 Parcius
417 1277 591 1308 enatam
611 1265 767 1308 succos
793 1265 1006 1308 immittat
1031 1264 1080 1308 in
1103 1265 1283 1308 herbam
1303 1279 1319 1315 3

219 1345 327 1389 Sive
351 1345 652 1403 repercutiens
677 1345 817 1389 solem
836 1377 849 1398 ,
877 1344 1094 1389 radicibus
1119 1345 1223 1388 imis

220 1428 425 1470 Calculus
443 1425 614 1470 auxilio
638 1424 700 1469 est
716 1457 730 1479 ,
759 1425 804 1468 &
822 1424 1005 1485 iniquos
1024 1437 1242 1482 temperat
1261 1424 1403 1471 aestus.

234 1564 239 1568 Δ
280 1508 473 1552 Horrida
490 1491 523 1551 si
542 1508 694 1551 musco
711 1508 788 1551 vel
807 1506 940 1550 inerti
964 1506 1149 1550 obdusta
1169 1506 1351 1555 senefiae

220 1590 349 1634 Prata
372 1591 483 1644 situ,
509 1591 682 1634 foenum
706 1588 883 1646 pariunt
904 1588 1136 1647 ignobile·,
1161 1588 1326 1634 stercus

220 1673 378 1729 Ingete
400 1673 476 1715 vel
501 1670 672 1715 cineres
695 1686 708 1714 ε
730 1685 830 1728 quae
857 1670 888 1713 fi
915 1669 986 1714 cui
1010 1669 1136 1729 pigra
1158 1669 1366 1712 videntur

221 1753 403 1796 Auxilia
418 1784 434 1806 ,
458 1750 663 1796 effoss'um
682 1751 914 1796 frumentis
939 1764 1091 1794 exaret
1115 1766 1298 1810 agrum3

222 1835 369 1891 Atque
394 1834 528 1877 novis
553 1848 609 1877 ne
633 1832 750 1877 forte
769 1832 854 1876 soli
879 1832 1004 1889 prior
1030 1832 1222 1888 impetus
1248 1832 1360 1875 obfit

223 1913 432 1959 Messibus
450 1948 463 1967 ‚
491 1914 682 1958 herbosa
708 1913 867 1957 nimias
892 1913 1109 1970 farragine
1133 1912 1253 1956 vires
1271 1944 1285 1965 ‚

222 1996 498 2055 Pubentique
517 1995 616 2040 faba
633 2028 647 2049 ,
676 2009 882 2052 napoque
908 1995 1101 2038 absumat
1124 1995 1262 2039 edaci.

284 2078 452 2126 Praedia
469 2078 502 2120 fi
521 2076 686 2121 fuerint
706 2076 893 2120 nimium
915 2076 1179 2124 nemorosa3
1204 2075 1387 2119 revulfis

223 2159 465 2203 Arboribus
483 2192 496 2212 ‚
522 2160 725 2217 glandem
745 2158 901 2216 pingui
921 2158 1109 2200 mutabis
1129 2157 1253 2200 arista
1274 2173 1287 2201 z

222 2242 424 2297 Namque
442 2240 587 2284 habile
600 2239 668 2284 vest
686 2239 823 2298 segeti
843 2241 962 2296 quod
980 2238 1264 2282 frumentaria
1283 2269 1297 2291 ,
1322 2236 1437 2279 caesis

222 2321 403 2364 Ilicibus
421 2353 435 2374 ‚
459 2321 672 2380 sylvestre
695 2322 839 2365 solum
865 2320 1087 2378 redigetur
1112 2319 1162 2363 in
1185 2334 1306 2363 arva.

284 2401 360 2446 Ast
374 2402 450 2446 ubi
467 2401 676 2446 deficiunt
695 2403 814 2446 filvae
836 2435 848 2455 ‚
880 2416 1177 2460 quercumque
1195 2401 1416 2444 virentem

225 2484 279 2530 Et
298 2484 523 2541 platanum
540 2496 683 2541 pones
697 2516 713 2538 ,
732 2483 930 2542 serasque
950 2483 1187 2540 nepotibus
1211 2484 1388 2529 ulmos;
