1482 2834
644 618 825 668 Vinum.
985 641 1042 664 m

119 693 240 791 H
253 758 288 790 A
301 759 328 791 c
344 759 416 792 τε
429 761 463 792 x
475 760 512 792 υ
526 760 549 792 s
577 747 625 792 in
642 747 781 792 sterili
800 743 906 791 satis
924 744 1142 790 eluctatus
1169 732 1332 800 arenag

116 827 172 870 Et
195 827 346 881 fodere
362 861 375 881 ,
398 829 441 872 ὅ(
464 830 581 873 ferro
606 831 729 873 laetas
754 828 1033 885 compescere
1057 826 1178 875 vites

116 907 284 951 Edocui
301 941 314 961 ‚
338 909 496 953 falcem
519 908 707 953 tractans
726 942 740 963 ,
765 909 983 966 durosque
1011 907 1209 966 ligones..

116 991 247 1033 Nunc
265 992 429 1034 cratere
448 1005 626 1034 manum
642 1002 832 1035 armatus
850 1021 863 1043 ,
882 1003 1002 1035 nunc
1026 987 1199 1037 sordida
1216 985 1362 1030 musto

116 1070 236 1112 Vasa
259 1084 414 1128 gerens
430 1102 443 1123 ‚
470 1073 601 1114 cellas
628 1072 672 1114 &
696 1071 973 1117 subterranea
999 1068 1159 1117 Bacchi

118 1149 329 1207 Hospitia
353 1151 594 1209 ingredior.
616 1151 735 1195 Proh
758 1162 920 1208 quanta
945 1149 1115 1194 silentia
1137 1152 1147 1195 !
1173 1160 1363 1207 quantus

118 1233 297 1284 Horror
321 1231 430 1276 inest
451 1236 462 1278 !
491 1234 584 1277 lato
609 1233 772 1290 pendet
798 1231 1057 1278 curvamine
1081 1231 1236 1275 fornix

118 1314 238 1356 Luce
263 1327 418 1357 carens
436 1346 449 1367 ,
470 1314 683 1372 fumoque
707 1313 833 1373 niger
853 1330 864 1358 :
882 1313 993 1365 stant
1017 1312 1173 1357 ordine
1194 1314 1337 1370 longo

119 1392 259 1438 Dolia
274 1426 288 1448 ‚
315 1409 414 1452 quae
439 1394 629 1440 culicum
655 1396 812 1454 globus
834 1395 1026 1445 obfidet3
1044 1395 1175 1452 atque
1195 1389 1367 1445 bibaci,

122 1476 313 1520 Guttula
336 1476 368 1519 fi
393 1491 478 1533 qua
503 1476 615 1520 meri
641 1475 772 1520 costis
795 1477 1038 1534 dependeat
1056 1509 1070 1530 ,
1098 1489 1177 1519 ore

121 1557 253 1614 sugit
269 1590 283 1609 ‚
310 1557 355 1600 &
377 1556 425 1599 in
448 1557 602 1603 varios
626 1557 921 1602 circumvolat
946 1557 1091 1602 ebrius
1117 1558 1264 1602 orbes.

183 1637 351 1681 Bacche
366 1669 380 1691 ‚
400 1637 672 1695 soporiferos
690 1638 767 1697 qui
785 1638 990 1698 languida
1008 1639 1202 1690 membra
1220 1651 1299 1694 per
1313 1646 1437 1681 utres

123 1716 351 1772 Proieffls
368 1750 381 1769 ‚
406 1717 587 1776 strepitu
609 1721 769 1776 procul
792 1719 888 1763 otia
912 1719 1035 1767 ducis
1051 1752 1065 1773 ,
1092 1719 1282 1768 inertem

124 1800 292 1842 Excute
318 1810 449 1856 quem
475 1798 640 1857 proflas
667 1801 758 1844 alto
783 1801 837 1844 de
861 1799 1042 1858 Ρεᾶοτε
1067 1801 1275 1850 somnum
1293 1816 1307 1845 ε

127 1882 236 1924 Fare
250 1912 263 1932 ,
279 1892 358 1937 age
372 1911 387 1933 ,
408 1878 477 1923 dic
494 1879 656 1924 iterum
672 1913 685 1932 ‚
702 1894 799 1937 quae
819 1880 1009 1927 seufibus
1024 1882 1225 1928 hauserat
1240 1881 1344 1930 imis
1354 1886 1374 1937 ,'

129 1960 283 2014 Quum
307 1971 352 2003 te
377 1959 562 2017 seposita
588 1962 812 2019 quondam
838 1963 890 2006 de
915 1976 1023 2019 rupe
1046 1964 1280 2008 docentem

91 2075 93 2077 .
129 2040 284 2086 Audiit
306 2039 463 2084 Aonie
488 2053 771 2100 contemptor
794 2042 1008 2087 Horatius
1033 2045 1175 2090 undae.

192 2122 264 2164 Tu
279 2134 458 2179 quoque
475 2121 639 2169 Phoebe
653 2134 778 2179 pater
788 2155 801 2176 ‚
817 2137 990 2167 mecum
1006 2138 1086 2181 per
1101 2139 1239 2182 opaca
1253 2128 1411 2172 locoru

128 2202 363 2261 Ingredere
380 2234 393 2254 ,
422 2201 602 2260 ignotos
627 2204 771 2246 audax
798 2205 1024 2252 recludere
1051 2205 1230 2255 fontes:

137 2285 244 2326 Non
271 2294 315 2325 te
340 2282 558 2328 Baccheis
583 2283 711 2329 Pindi
737 2283 856 2328 sacra
879 2286 1071 2335 culmina
1098 2286 1222 2332 cellis
1238 2322 1255 2343 ,

131 2364 392 2421 Pieriosque
420 2378 545 2408 mero
570 2364 721 2409 latices
746 2365 926 2410 mutafl‘e
951 2366 1135 2426 pigebit.

196 2444 291 2493 Ima
317 2455 443 2506 parte
470 2445 627 2491 domus
653 2446 730 2492 sub
753 2446 922 2494 fornice
946 2447 1092 2508 lignea
1115 2448 1310 2505 primum

1019 2530 1059 2580 R
1092 2528 1139 2590 iij
