1500 2886
429 298 433 301 ,
506 257 553 313 L
575 270 607 313 1
636 271 678 314 B
709 272 749 312 E
774 271 817 313 n
848 254 892 311 -1
909 255 977 312 V.
1274 261 1356 333 93·

123 352 278 402 Balatu
302 368 487 402 matrem
510 367 712 416 repetant
727 391 741 413 ,
773 359 819 403 &
841 357 983 403 ovilia
1007 361 1232 414 rumpant.
1360 345 1363 347 Α

187 440 341 494 Quum
369 451 547 483 teneros
577 453 682 483 aetas
707 438 952 483 firmaverit
979 438 1150 482 austior
1171 448 1293 480 artus
1312 465 1328 491 ,

123 519 300 563 Florida
324 521 411 576 jam
436 521 609 579 grandis
637 532 822 564 matrem
846 533 926 576 per
949 533 1072 576 prata
1096 519 1299 576 sequatur

125 599 279 658 Agnus
302 633 316 654 ,
348 602 393 644 δι
417 600 465 643 in
490 602 672 644 mollem
698 601 850 644 dentes
876 587 1303 643 exercezffherbam.

127 679 231 723 Post
260 681 339 724 ubi
367 692 591 723 maternos
615 691 790 736 tempus
816 680 1028 724 saturavit
1053 694 1225 724 amores
1246 711 1261 732 ,

132 761 457 818 Absentemque
471 774 629 817 parens
654 760 852 803 sobolem
868 760 1127 817 sobolesque
1140 770 1366 816 parentem

132 844 241 886 Non
257 842 370 885 fere‘t
389 841 624 898 impatiens
644 873 659 895 ,
688 852 889 898 repetant
906 841 982 884 sua
1000 841 1158 898 pascua
1176 852 1333 884 matres
1350 855 1368 890 3

131 925 278 981 Atque
302 934 427 967 tener
450 938 591 981 puero
618 937 727 981 grex
750 924 1047 980 compellente
1071 934 1308 966 nocentem

134 1004 378 1049 Luxuriam
401 1005 561 1065 segetis
588 1005 733 1063 prima
756 1005 955 1062 depascat
982 1004 1031 1047 in
1058 1005 1190 1048 herba
1208 1018 1225 1048 ⁴.

134 1088 229 1132 Vel
255 1099 406 1131 natum
434 1087 562 1131 Pater
590 1086 774 1145 agrestes
799 1086 1010 1130 informet
1034 1086 1088 1128 ad
1113 1096 1226 1128 artes
1246 1098 1263 1134 ·‚

137 1169 194 1212 Et
219 1168 299 1212 fibi
323 1167 356 1210 fi
382 1182 468 1225 qua
493 1168 618 1211 domi
640 1168 693 1211 fit
715 1167 809 1212 filia
832 1181 968 1225 parva
985 1199 998 1220 ,
1029 1167 1215 1210 decoros

140 1251 372 1308 Agnorum
397 1248 591 1292 formosa
619 1262 770 1306 greges
796 1247 1012 1305 farragine
1035 1246 1180 1303 pascat
1199 1278 1214 1300 ‚

141 1332 239 1374 Nec
268 1331 438 1374 saturos
461 1330 632 1373 claudat
655 1328 830 1373 stabulis
856 1343 870 1372 t
895 1329 944 1371 in
969 1322 1163 1386 gramine
1188 1325 1316 1371 molli

142 1410 370 1454 Lascivam
394 1410 504 1453 finat
525 1409 735 1454 exsultim
762 1410 984 1454 colludere
1012 1410 1184 1466 prolem
1203 1440 1218 1461 ‚

143 1490 280 1534 Linea
308 1491 411 1534 dum
434 1490 802 1534 tereti-devolvet
825 1490 1005 1534 stamina
1027 1490 1142 1534 fuso.

205 1573 275 1616 Ne
290 1584 438 1615 tamen
453 1573 565 1614 hanc
581 1570 740 1614 animis
755 1569 941 1614 affuesce
953 1603 964 1623 ‚
978 1572 1171 1627 puellula
1183 1603 1195 1623 ‚
1207 1570 1348 1613 vitam
1366 1585 1380 1614 τ

145 1652 408 1713 Virginibus
425 1652 552 1695 licuit
570 1653 791 1709 quondam
811 1684 824 1706 ,
852 1666 987 1709 quum
1009 1651 1121 1695 secla
1139 1644 1331 1695 fluebant

149 1736 324 1784 Aurea3
351 1747 433 1777 nec
449 1725 632 1791 Satyros
651 1746 883 1776 nemorum
904 1747 983 1789 per
1010 1747 1145 1789 opaca
1163 1735 1346 1776 latentes
1365 1764 1383 1786 ,

152 1818 304 1860 Altera
323 1829 404 1859 nec
422 1827 582 1858 norant
602 1846 616 1868 ,
643 1813 804 1858 ovium
822 1812 956 1871 quam
973 1813 1088 1858 furta
1110 1846 1122 1867 ‚
1150 1814 1325 1870 puellae.

217 1897 414 1954 Vespere
433 1897 692 1940 clauduntur
708 1893 838 1952 pastis
863 1908 963 1937 cum
982 1893 1191 1938 matribus
1211 1892 1311 1952 agni
1330 1923 1348 1945 ‚

155 1980 304 2023 Ubera
330 1976 458 2035 queis
483 1976 571 2020 iuae
597 1975 791 2020 referunt
816 1964 1008 2031 potanda
1027 2006 1041 2026 ,
1067 1972 1213 2017 diurni

157 2060 473 2116 Supplementa
498 2055 586 2099 cibi
610 2071 623 2099 ε
652 2054 815 2112 depulsi
844 2054 954 2098 laCte
972 2086 984 2107 ‚
1016 2054 1210 2111 gregales

156 2143 278 2184 Inter
306 2153 417 2182 oves
438 2171 452 2191 ‚
476 2137 565 2182 una
588 2137 755 2194 campis
781 2137 1044 2193 pascuntur;
1073 2136 1117 2178 ὅτ.
1146 2134 1300 2177 iisdem

162 2221 249 2264 Sub
277 2218 404 2262 tectis
429 2219 608 2262 coelove
632 2217 757 2261 fimul
782 2216 1046 2260 stabulantur
1073 2228 1243 2272 aperto.

224 2301 310 2343 Sed
324 2313 418 2343 non
431 2300 565 2358 longa
578 2311 725 2343 manet
738 2297 974 2342 concordia
985 2295 1165 2354 3quique
1177 2310 1254 2353 per
1269 2298 1395 2341 urbes

165 2381 319 2424 Exitio
346 2380 459 2426 solet
477 2379 562 2424 effe
581 2379 692 2424 viris
713 2412 726 2433 ‚
758 2392 891 2436 pecus
917 2377 1033 2421 inter
1058 2376 1247 2420 ovillum

170 2460 368 2510 Crudelis
389 2473 566 2522 quoque
588 2471 742 2522 regnat
770 2471 895 2505 amor
915 2473 928 2504 z
952 2456 1034 2503 vix
1053 2456 1259 2502 cornibus
1281 2470 1398 2515 agno
