1482 2834
534 233 843 294 IIBER
909 228 994 291 X.
1059 250 1069 259 ··
1147 280 1151 284 ⁴
1267 236 1427 312 247„

142 333 272 395 Saepe
291 349 371 396 per
387 333 577 397 irriguos
597 339 751 384 Olitor
770 351 865 383 non
883 334 1048 381 inscius
1064 333 1224 378 hortos
1240 363 1257 386 ‚

145 423 269 467 Dum
297 421 418 466 fleffl
442 421 609 467 dociles
633 422 773 480 virgae
791 453 806 474 ,
830 422 936 464 dum
959 416 1144 462 mollior
1166 418 1304 469 zetas,v

144 502 199 546 In
222 502 514 547 testudineum
542 504 757 548 sarmenta
781 497 982 557 sequacia
1009 496 1190 541 dorsum

141 583 213 628 Ire
238 584 360 638 iubet
375 618 390 639 ‚
417 597 571 629 contra
594 582 770 627 aessivos
794 580 1050 624 umbracula
1075 578 1209 622 soles-

206 667 261 710 In
280 677 613 724 quamcumque¹
620 662 734 707 velis
750 661 909 706 faciem
927 661 972 704 se
990 661 1149 704 tollere
1164 658 1283 703 vites
1299 663 1318 714 3

144 745 335 803 Optima
362 760 460 804 quae
486 746 606 788 culto
630 742 739 801 figas
763 740 980 798 plantaria
1004 741 1121 784 colle

141 826 309 883 Eligito
330 842 342 870 ε
365 825 397 868 fi
422 824 530 883 quid
553 823 659 868 vitii
683 821 874 868 deler
899 820 1078 866 habebit
1097 835 1113 870 ⁸,

140 907 248 950 Arte
266 906 426 950 dehinc
445 905 565 950 null&
584 904 759 964 generis
777 903 1018 962 reparabile
1037 903 1247 946 damnum
1263 899 1344 948 est.

141 989 248 1032 Non
266 988 398 1031 habet
416 1000 566 1045 empta
583 987 717 1032 fidem
736 986 846 1031 vitis
865 1019 878 1040 ,
908 985 1108 1043 fallitque
1127 982 1282 1029 coloni

142 1069 253 1125 Spes
274 1068 427 1112 avidas
447 1097 460 1116 0
482 1068 572 1113 alio
591 1067 670 1112 fibi
688 1081 786 1125 quae
806 1065 1118 1111 transmittitur
1136 1067 1243 1110 orbe
1263 1080 1278 1109 τ

142 1149 294 1191 Nescit
313 1149 434 1192 enim
451 1147 683 1207 peregrina
699 1148 834 1193 novis
852 1146 1087 1192 affuescere
1102 1146 1230 1190 terris
1247 1178 1263 1200 ,
1340 1163 1342 1165 ·

141 1229 412 1288 Amittitque
437 1230 560 1275 suam
585 1239 758 1274 mutato
785 1229 921 1273 fidere
945 1230 1123 1294 sarnam.

204 1313 359 1367 Quum
386 1314 515 1356 rubet
530 1344 545 1366 ‚
575 1326 625 1356 ac
647 1323 771 1356 torto
794 1310 917 1355 mitis
941 1310 1170 1355 vindemia
1193 1311 1315 1356 collo

142 1393 365 1437 Extremis
390 1393 554 1437 fruitur
575 1392 665 1448 jam
690 1392 886 1444 solibus;
914 1394 1028 1452 elige
1051 1392 1195 1438 vitem

142 1476 255 1531 Quae
267 1474 442 1532 peperit
451 1477 599 1531 plures
611 1507 625 1529 ‚
636 1473 773 1519 mod&
786 1475 837 1518 fit
848 1475 976 1532 sapor
987 1474 1186 1532 optimus
1200 1508 1213 1531 ‚
1224 1483 1355 1523 uvas·⁴

139 1557 247 1602 Inde
266 1569 392 1613 petes
411 1556 627 1605 sarmenta
646 1568 749 1599 tuos
769 1557 998 1614 pangenda
1017 1569 1096 1612 per
1115 1564 1242 1615 agros
1263 1572 1275 1602 ε

142 1639 289 1695 Atque
304 1649 355 1681 ut
372 1635 494 1681 nofl'e
511 1651 644 1694 queas
663 1652 678 1686 ς
708 1636 795 1690 iam
822 1650 917 1680 tum
934 1639 1008 1680 vel
1025 1637 1193 1680 summa
1210 1637 1384 1697 flagella

143 1720 336 1762 Demere
354 1750 368 1770 ‚
399 1718 475 1761 vel
500 1729 659 1762 trunco
684 1718 845 1762 rubeos
872 1717 1059 1762 inscribe
1085 1720 1279 1766 colores.

206 1801 319 1856 Quae
343 1812 455 1844 vero
480 1799 634 1856 potior
658 1798 769 1842 satio
790 1831 804 1853 ‚
833 1810 930 1857 quae
957 1799 1100 1844 forma
1123 1800 1323 1858 serendi,

143 1881 314 1925 Omnia
337 1879 494 1925 divino
518 1881 680 1924 dudum
705 1882 884 1938 vulgata
910 1879 1090 1925 Maroni
1105 1912 1122 1936 ,

144 1961 311 2007 Dicere
335 1960 399 2006 nil
424 1975 538 2019 opus
564 1959 625 2004 est
645 1976 657 2004 t
678 1971 722 2005 at
747 1960 834 2019 qua
860 1960 1032 2005 ratione
1054 1973 1280 2007 recentem

144 2042 186 2087 A
210 2042 374 2087 teneris
396 2042 538 2086 vitem
562 2041 775 2087 informes
793 2075 806 2096 ‚
832 2042 1077 2100 doceasque
1101 2042 1248 2089 labori

144 2124 429 2180 Respondete
452 2136 566 2173 ruoz
594 2123 748 2181 paucis
770 2124 866 2168 haec
892 2123 1045 2168 omnia
1067 2136 1195 2170 vates

144 2203 407 2250 Perstrinxit
424 2237 438 2258 ‚
462 2217 607 2249 rerum
630 2203 800 2262 fastigia
825 2204 994 2247 summa
1018 2204 1248 2262 sequutus·⁸

147 2285 213 2329 Ac
236 2287 362 2329 velut
383 2284 560 2345 egregia
582 2285 792 2345 pingendi
817 2285 1015 2344 quisquis
1042 2285 1090 2329 in
1111 2298 1206 2331 arte

145 2366 328 2411 Nomen
341 2367 470 2412 habet
480 2400 494 2423 ‚
503 2366 660 2425 primis
671 2368 956 2427 habitumque
972 2367 1189 2427 titumque
1200 2365 1356 2428 figuris
1369 2376 1387 2424 ,¹

147 2447 203 2493 Et
222 2462 508 2508 quacumque
528 2450 656 2510 operi
675 2449 752 2495 seu
770 2449 844 2497 vis
863 2483 877 2506 ,
902 2450 978 2496 seu
997 2449 1135 2511 gratia
1152 2451 1386 2510 postquam

1021 2532 1066 2590 Q
1098 2532 1146 2578 iv
