1482 2834
505 179 814 245 'L'IBER
875 178 1082 245 ΧῙῙ.»
1274 202 1382 262 291

151 266 330 333 ‘ilerdea
355 283 647 348 prosubigens
664 322 678 344 ,
702 299 863 334 teretes
891 281 1102 333 formabis
1129 283 1180 330 in
1204 278 1315 330 offas
1333 317 1348 338 ,

150 367 206 412 Et
230 370 349 428 larga
378 371 499 415 dabis
523 371 661 429 usque
685 385 822 416 manu
837 403 852 424 ‚
875 371 980 414 dum
1007 369 1128 413 mole
1154 360 1327 411 laboret

150 451 248 506 Ipse
274 451 349 495 sua
365 485 378 506 ,
410 453 454 496 &
478 452 648 497 flavum
671 451 811 497 niteat
835 449 1103 510 pinguedine
1132 448 1328 502 dorsum.

210 532 260 575 Si
285 547 369 590 qua
394 533 480 577 suae
506 532 686 590 capiunt
710 532 917 592 gallinam
940 532 1067 576 tedia
1095 531 1267 589 prolis·,

150 613 175 657 J
180 627 249 655 am
269 628 413 672 neque
432 609 620 659 demiffis
638 615 753 673 riget
771 614 960 672 amplius
978 613 1157 657 horrida
1177 609 1336 668 pennis
1354 614 1370 663 ;

53 684 59 689 ’
151 694 245 736 Nec
269 695 470 738 sobolem
495 679 657 738 crebris
683 693 942 753 fin'gultibus
967 692 1098 736 anxia
1119 704 1259 736 mater

151 768 405 831 ¹Compellat
424 771 656 833 glociens,
683 789 830 833 neque
855 745 1180 820 circumducere
1201 773 1383 831 gaudet
1371 802 1386 817 .

150 855 220 896 Ad
244 863 365 898 nova
391 855 670 900 semimarem
696 855 908 900 formabis
934 849 1086 899 munia
1114 868 1270 911 capum
1287 886 1301 907 ‚

147 928 346 977 ‘Orbatos
370 934 448 991 ¹qui
470 948 611 980 matre
636 939 790 994 greges
815 936 1011 980 nutritor
1039 937 1236 994 adoptet.

145 1014 324 1059 Urticas
352 1016 510 1059 adhibe
525 1048 540 1069 ,
568 1017 611 1059 &
635 1010 802 1073 plumis
826 1018 903 1060 sub
929 1023 1086 1061 ventre
1112 1012 1296 1060 revulsis

145 1094 296 1154 Punge
322 1107 470 1139 cutem
494 1113 505 1140 ε
538 1096 670 1140 tacita
700 1096 937 1154 impatiens
965 1097 1193 1155 prurigine
1221 1101 1355 1155 'capus

142 1175 352 1219 Admittit
380 1177 508 1221 molli
533 1169 676 1222 tectos
699 1177 909 1236 lanugine
937 1180 1086 1234 pullos
1107 1210 1121 1231 2

142 1257 236 1311 Qui
264 1257 481 1315 gremium
506 1259 559 1301 de
585 1272 712 1302 more
737 1271 892 1315 tepens
912 1289 925 1311 ‚
954 1258 998 1300 ὃ(
1016 1258 1156 1303 amica
1178 1259 1254 1302 sub
1274 1259 1357 1302 alis

141 1335 279 1381 Testa
293 1351 450 1394 petunt
461 1371 474 1390 ‚
487 1336 735 1396 plumisque
750 1335 909 1385 fricant
924 1337 1199 1382 nascentibus
1217 1341 1386 1386 alvum?-

141 1413 366 1462 Pruritum
395 1419 680 1476 stimulosque
706 1418 801 1463 levi
825 1418 1053 1464 mitescere
1085 1418 1204 1463 'tactu

140 1500 285 1544 Sentit
299 1533 312 1554 ,
332 1502 376 1544 &
393 1502 464 1557 (ut
478 1504 687 1545 volucres
704 1497 884 1560 quoque
901 1503 1043 1544 'mutas
1059 1499 1174 1544 inter
1188 1494 1387 1545 amorem.

139 1581 326 1624 Utilitas
351 1580 497 1639 parit)
518 1581 654 1625 officii
677 1595 769 1626 non
797 1578 1034 1625 immemor
1051 1582 1240 1633 ‚orbam

142 1661 322 1718 Accipit
350 1661 400 1704 in
427 1664 600 1719 prolem
626 1661 779 1706 matris
804 1676 904 1707 cum
930 1660 1109 1718 petlore
1134 1657 1290 1715 curas,
1365 1712 1368 1715 ¹

143 1744 329 1798 Jamque
355 1742 458 1785 suos
487 1743 678 1801 gaudens
705 1756 785 1799 per
810 1738 933 1799 prata
955 1739 1148 1786 virentia
1173 1730 1324 1798 pullos

142 1823 283 1867 Ducit
307 1831 440 1881 agens
466 1838 481 1872 3
510 1823 556 1866 ὅ(
583 1822 659 1880 qui
686 1822 905 1867 dominari
930 1822 1141 1866 matribus
1166 1822 1269 1879 ipfis

143 1905 370 1947 Debuerat
398 1901 472 1946 vir
503 1898 548 1945 &
574 1898 748 1955 custos,
775 1899 938 1946 uxoria
961 1900 1096 1957 spado

141 1984 370 2040 Plumiger
393 1981 541 2026 officia
557 2008 570 2034 ς
600 1982 644 2024 &
668 1990 887 2025 maternas
913 1981 1081 2025 excolit
1108 1982 1252 2026 arte's':

141 2065 334 2109 Mollior
360 2063 405 2107 &
426 2075 587 2107 vocem
611 2061 810 2119 glociens
837 2059 1063 2104 effeminat
1092 2059 1263 2119 ipsam3

144 2131 240 2188 Nec
265 2146 399 2203 pudet
424 2144 734 2188 immemorem
762 2142 934 2200 generis
952 2174 965 2194 ‚
993 2142 1162 2186 ridente
1182 2140 1376 2198 colono,

144 2220 279 2271 Galle
295 2258 308 2279 ‚
337 2227 459 2270 tuam
483 2237 644 2269 matres
670 2223 786 2268 inter
813 2225 1026 2267 deducere
1051 2225 1240 2279 prolem.

202 2307 343 2350 Anser
370 2307 556 2364 anasque
580 2307 684 2350 suos
710 2304 916 2362 quamvis
943 2292 1174 2348 excludere
1201 2306 1350 2362 pullos

142 2380 382 2444 optarim
409 2388 519 2432 tales
543 2387 689 2432 neutri
715 2384 985 2430 committite
1011 2383 1133 2429 curas
1154 2385 1167 2431 ἐ

139 2467 378 2526 AEquoreae
395 2471 605 2529 languent
621 2469 830 2514 volucres
844 2499 858 2523 ,
875 2466 958 2512 nifi
975 2462 1166 2523 corpora
1182 2452 1380 2524 'lymphis

1049 2546 1089 2591 T
1117 2544 1147 2601 ij
