1500 2886
638 236 686 292 L
703 250 738 293 1
764 250 806 294 B
833 251 941 306 εκ
983 235 1038 295 1.
1358 256 1427 312 ²1

201 338 419 384 Infincera
440 347 590 383 tamen
615 338 809 383 retinent
833 354 850 390 ;
872 339 1080 396 foetaeque
1106 333 1294 382 venenis

202 420 457 463 Destituant
484 420 632 463 medio
661 420 858 464 fitientes
884 434 1062 477 aequore
1086 420 1251 465 Nautas
1268 451 1282 474 ,

204 499 420 543 Cisternas
445 499 520 543 ubi
545 499 804 556 posthabitis
830 499 974 542 adiere
999 499 1196 545 fluentis.

264 582 437 624 Interea
461 578 672 623 meditare
702 579 778 623 diu
802 579 889 637 qua
914 570 1053 636 parts?
1062 582 1299 624 domorum

201 662 497 705 Fundamenta
520 662 642 704 loces
673 675 688 710 ς
714 671 764 702 ut
789 661 890 703 laxa
905 692 920 713 ,
947 660 1127 704 salubris
1146 693 1158 714 ‚
1190 663 1234 704 δε
1259 661 1365 719 ipso.

203 740 388 785 Pulchra
410 739 493 783 fitu
519 739 572 783 fit
599 739 736 790 villaz
762 740 889 784 suum
920 755 1002 783 nec
1033 741 1186 785 debeat
1213 742 1296 786 arti

201 801 495 878 Impenfisque
510 822 640 865 decus
654 854 668 875 ,
687 835 922 883 nemorum
941 822 1014 864 sed
1032 822 1226 867 dulcibus
1243 821 1408 868 umbris
1422 856 1437 877 ,

200 901 256 944 Et
272 901 374 945 rivo
390 934 403 955 ,
424 901 502 959 qui
521 914 645 960 prata
661 915 800 962 vagus
818 917 898 960 per
916 916 1091 946 amoena
1104 936 1116 956 ‚
1137 916 1349 960 penatum

200 981 407 1025 AEternos
435 982 613 1027 modico
638 983 815 1040 sumptu
844 995 1017 1028 tueatur
1041 985 1255 1028 honores.

260 1062 454 1106 Vicinos
478 1063 578 1123 fuge
605 1076 824 1108 torrentes
841 1097 855 1118 ,
882 1065 926 1108 &
950 1063 1076 1108 strata
1099 1064 1278 1109 viarum

200 1143 380 1188 Publica
406 1161 422 1194 ς
446 1143 678 1202 planitiem
701 1159 759 1189 ne
782 1133 1075 1203 depopuletur
1104 1159 1300 1204 apertam

202 1226 463 1269 Praedonum
479 1227 556 1270 vel
574 1240 705 1270 avara
718 1240 872 1270 manus
886 1259 900 1279 ,
918 1227 992 1270 vel
1011 1226 1144 1271 tristis
1164 1220 1377 1286 aquarum

202 1307 396 1352 Eluvies.
421 1308 556 1353 Juvat
585 1308 629 1350 &
654 1307 806 1351 tacitas
831 1305 988 1364 procul
1014 1307 1098 1351 effe
1127 1311 1335 1365 paludes:

202 1389 340 1450 Virus
366 1388 485 1432 enim
501 1421 515 1443 ,
541 1389 807 1447 morbosque
831 1390 956 1445 palus
985 1387 1152 1433 eruQat
1178 1390 1343 1435 inertes
1359 1406 1376 1440 ·,

202 1469 404 1513 Servatas
434 1468 574 1513 hiemi
601 1469 750 1528 fruges
778 1471 822 1513 &
849 1469 1030 1528 agrestia
1057 1472 1197 1529 longo

201 1549 409 1606 Inquinat
434 1564 554 1593 arma
582 1551 665 1593 fitu
694 1566 707 1594 t
735 1551 913 1594 nebulas
938 1551 1132 1607 exspirat
1149 1585 1161 1606 ,
1192 1554 1235 1596 ὅ(
1261 1555 1396 1599 almas

202 1629 422 1673 Inter-imit
442 1630 642 1689 segetes3
670 1644 892 1689 coenoque
917 1642 1059 1675 creata
1088 1629 1258 1691 tepenti

201 1711 357 1756 Armat
382 1710 430 1753 in
457 1711 676 1755 humanos
706 1711 892 1756 stimulis
919 1710 1125 1756 animalia
1149 1716 1300 1758 vultus
1318 1731 1335 1766 ;

201 1792 513 1849 Ranarumque
546 1806 698 1851 greges
723 1791 880 1836 limosa
904 1792 1049 1837 educit
1073 1795 1123 1837 ab
1149 1797 1282 1849 ulva,

202 1871 349 1931 Prisca
376 1884 614 1917 coaxantes
639 1875 793 1930 patulo
820 1873 1028 1918 convicia
1057 1873 1169 1919 ridiu

202 1952 315 2007 Quae
338 1953 541 1996 recinunt
556 1986 570 2007 ‚
591 1953 773 2011 placidis
793 1969 900 2014 gens
920 1955 1183 2000 infestissima
1205 1956 1395 2004 somnis4

260 2033 355 2075 Nec
378 2034 513 2077 lateat
535 2047 674 2078 caecas
700 2034 814 2078 intra
839 2036 996 2078 domus
1024 2035 1166 2080 abdita
1191 2039 1330 2081 valles
1346 2052 1362 2083 z

202 2113 439 2157 Maluerim
463 2126 640 2170 patrum
666 2114 782 2164 ritu·‚
809 2116 937 2171 super
964 2117 1094 2159 ardua
1120 2118 1288 2162 montis

202 2193 437 2246 eulmina,
462 2194 690 2251 suspensos
719 2195 961 2252 aquilarum
988 2210 1112 2240 more
1138 2210 1319 2254 penates

202 2271 403 2326 mimi,
432 2273 674 2333 validisque
703 2275 796 2319 dari
821 2276 1007 2321 ludibria
1033 2259 1215 2328 ventis'·‚

203 2352 350 2407 Quium
375 2367 513 2398 curvo
541 2354 617 2398 sub
642 2357 756 2399 colle
786 2357 912 2415 gravi
937 2369 1114 2415 torpere
1140 2358 1332 2415 pruini3

202 2432 461 2505 Estiyoque
478 2466 492 2490 ,
516 2435 634 2499 feros
661 2449 798 2494 quum
822 2435 961 2481 Sirius
993 2438 1166 2483 evomit
1191 2438 1314 2499 ignes
1330 2471 1345 2492 ‚

1055 2520 1113 2562 ,Β
1148 2519 1196 2575 iij
1267 2551 1276 2559 .
