1482 2834
79 203 195 281 348
299 207 644 266 PRAEDII
689 207 1060 266 Rvsrtct

74 306 316 351 Arboribus
345 308 511 352 circum
538 309 692 366 positis
716 310 967 353 umbracula
991 306 1101 364 pisci

75 386 278 432 Tendere
304 389 533 433 maluerim
550 422 562 443 ‚
591 390 736 433 secum
765 387 901 433 modi)
926 391 1043 446 larga
1068 387 1253 432 caducas

76 468 285 513 Devehat
309 472 422 514 unda
445 485 593 515 comas
623 485 888 519 nemorum3
916 484 971 513 ne
997 469 1138 513 tabida
1167 467 1286 526 putri

78 549 274 593 Subfidat
298 564 397 594 cum
424 552 577 596 fronde
601 553 694 596 lues
712 585 725 605 ‚
755 552 798 595 &
821 549 1003 594 flumina
1027 551 1182 594 foedet.

139 630 256 687 Ergo
283 630 541 688 peregrinos
568 630 667 690 juga
693 645 771 688 per
801 631 988 674 declivia
1014 630 1138 675 rivos

78 710 181 754 Duc
197 725 305 769 age3
325 711 568 770 stagnantes
587 724 636 755 ut
653 726 784 770 aquas
803 694 924 755 nova
940 711 1124 769 lympha
1138 707 1324 768 perenni

78 793 354 837 Submoveat
379 794 524 838 cursu.
550 794 676 851 Ripis
704 809 800 852 quae
825 793 987 838 labitur
1011 792 1113 836 altis

80 872 350 929 AEquoreum
378 874 464 919 ciet
489 878 602 919 unda
628 890 793 932 pecus,
817 874 1085 932 strepituque
1111 848 1281 918 sonoro

80 955 248 999 Invitat
270 958 446 1000 lacubus
472 957 515 1001 se
540 958 584 1001 se
610 956 844 1001 subducere
870 955 1038 1000 claufis

81 1037 152 1079 Tu
178 1049 316 1080 crates
346 1051 527 1094 oppone
552 1038 668 1094 fugae
686 1069 699 1089 ,
730 1036 889 1094 quibus
919 1035 1054 1079 altior
1078 1033 1222 1081 amnis

81 1116 240 1159 Effiuat
265 1131 279 1166 ·‚
311 1117 356 1160 &
382 1116 480 1160 nisu
505 1117 661 1174 quibus
689 1112 968 1160 oblustentut
995 1115 1118 1160 inani

83 1195 361 1254 Squamigeti
388 1196 510 1240 cives
537 1212 552 1246 ·,
577 1196 939 1255 indignantesque
964 1196 1107 1240 teneri

83 1276 335 1334 Praecipites
364 1277 506 1321 oculis
532 1277 688 1321 fluaus
713 1277 810 1335 post
834 1277 1013 1321 claustra
1035 1278 1288 1335 sequantur.

146 1359 279 1402 Nulla
306 1357 427 1417 gregi
453 1357 580 1401 statio
606 1356 746 1416 magis
775 1369 1025 1414 opportuna
1050 1358 1247 1415 natanti,

84 1438 234 1494 Quam
260 1454 355 1497 quae
382 1440 564 1498 lympha
591 1439 698 1483 fluet
723 1439 930 1483 villarum
952 1437 1121 1482 moenia
1138 1438 1307 1484 circum

86 1520 330 1564 Defensura
356 1533 459 1564 tuos
490 1533 620 1578 atque
648 1532 851 1565 ornatura
877 1531 1075 1576 penates-

86 1599 224 1643 Piscis
254 1599 373 1645 enim
399 1600 570 1644 finuosa
596 1614 735 1660 vagos
763 1614 841 1657 per
866 1599 1050 1643 flumina
1077 1599 1225 1644 cursus

87 1680 310 1724 Exercens
329 1712 341 1734 ,
366 1679 528 1724 hiemis
553 1681 667 1724 soles
696 1695 814 1724 nunc
838 1692 983 1737 captat
1011 1679 1206 1730 amicos:

88 1762 222 1805 Nunc
247 1762 409 1805 iterum
437 1761 606 1819 nigram
631 1761 735 1805 teffi
759 1760 967 1817 spatiatur
993 1762 1046 1805 ad
1069 1762 1303 1814 umbram3

90 1844 215 1887 Dum
245 1845 383 1896 calet,
418 1844 462 1886 &
490 1843 634 1886 fluvio
662 1842 908 1886 violentior
933 1841 1108 1887 incubat
1137 1842 1275 1890 aestas·

89 1925 160 1968 Te
190 1938 333 1982 neque
358 1922 516 1979 iejunae
542 1924 715 1980 capient
742 1923 909 1967 oblivia
938 1923 1081 1981 gentis
1098 1938 1113 1969 t

95 2005 276 2061 Quippe
303 2004 368 2047 sui
399 2003 527 2060 piscis
555 2002 794 2046 meminiffe
822 2002 987 2058 jubebit
1007 2036 1020 2058 ,
1051 2005 1103 2048 ab
1130 2003 1264 2050 undis

94 2085 277 2130 Reffior
305 2099 532 2142 emergens
552 2116 563 2136 ,
593 2085 635 2127 &
663 2083 811 2127 hiante
836 2083 1014 2127 voracia
1040 2085 1234 2140 pandens

95 2166 191 2210 ora
220 2167 333 2209 fame
361 2181 372 2209 :
401 2164 562 2221 patulis
590 2164 786 2208 Cerealia
816 2166 931 2207 dona
957 2163 1154 2209 fenestris

97 2247 378 2304 Mellitasque
405 2261 513 2304 puer
534 2279 548 2299 ,
574 2246 732 2303 quibus
761 2244 943 2288 abstinet
968 2244 1060 2302 ipse
1076 2277 1089 2298 ‚
1115 2247 1336 2302 placentaz

97 2326 283 2381 Projicit
299 2359 311 2379 ‚
339 2327 383 2369 δε
408 2326 571 2383 ίρεὲὶειτ
596 2327 783 2383 gaudens
811 2324 915 2368 hinc
944 2325 1045 2368 inde
1076 2336 1275 2370 natantes

82 2411 204 2455 'Una
230 2408 406 2454 trahunt
429 2409 575 2465 plures
596 2406 730 2451 avido
759 2404 837 2464 qui
862 2405 1044 2450 crustula
1066 2406 1232 2454 morsu·
