1482 2834
119 255 241 329 '390‘
359 250 690 310 PnAEmt
734 252 1112 308 Rvsrlct

118 351 280 395 Nobile
300 352 460 396 Martis
482 368 595 409 opus
622 352 792 396 discunt
809 385 821 405 ‚
855 354 898 395 δε
917 353 968 394 ab
986 350 1109 395 hoste
1129 359 1306 393 tuentur
1345 336 1348 340 ¹

117 433 340 476 Defensos
368 434 486 490 apris
514 449 539 476 a
565 433 854 476 vastatoribus
881 447 1028 490 agro&

175 514 324 556 Fluxit
340 514 387 556 in
402 515 485 557 hos
502 514 715 567 juvenum
735 527 850 556 nunc
867 512 1018 556 mollis
1037 511 1195 561 inertia
1213 513 1390 564 mores}

121 592 187 634 Ut
215 592 296 634 nifi
323 594 515 637 venandi
542 593 731 636 studium
758 592 1004 637 firmaverit
1028 604 1146 635 artus
1165 623 1179 644 ‚
1247 647 1250 650 ⁴

118 673 317 728 Torpeat
343 673 499 717 enervi
528 688 630 717 cum
657 687 844 730 corpore
873 671 1056 716 bellicus
1083 672 1211 714 ardor
1230 685 1244 714 z

117 753 364 798 Deseruere
388 754 524 811 pilam
541 787 554 808 ,
579 755 924 811 fimulachraque
953 753 1118 797 ludicra
1146 765 1336 809 pugnae,
1403 753 1409 758 ⁴
1447 743 1451 747 ’

116 833 172 874 Et
196 835 359 878 celeres
387 835 436 878 in
461 850 578 893 equo
603 837 751 880 cursus
784 852 798 880 ε
821 849 915 878 non
945 833 1128 877 flumina
1154 833 1300 875 nando

118 912 344 968 Traiicere
360 948 373 969 ,
404 916 448 959 δε
473 915 591 959 duris
617 915 832 971 iuvenilia
858 916 1052 958 membra
1076 913 1272 971 palestris
1461 971 1464 973 Ι

118 995 335 1040 Exercet-e
363 996 488 1051 iuvat
506 1030 519 1050 ,
546 997 675 1054 pistis
706 999 780 1041 sed
806 999 956 1040 ludere
983 995 1145 1039 chartis
1167 1028 1182 1050 ,
1431 980 1482 1051 ἶ*-

120 1077 393 1119 Concertare
420 1076 598 1135 scyphis
617 1109 630 1131 ,
665 1076 894 1134 mimoque
924 1077 1109 1120 obscena
1135 1074 1302 1130 iocanti
1438 1028 1467 1093 ἓ

119 1156 329 1199 Plaudere
347 1188 362 1209 ,
386 1159 461 1200 vel
487 1157 623 1215 satyri
650 1158 760 1201 risus
789 1157 1147 1215 captare.dicacis
1167 1189 1181 1210 ,
1456 1215 1463 1222 ‚,

118 1234 293 1292 Proque
311 1238 415 1281 tuba
434 1241 617 1282 mollem
635 1239 796 1297 chelyn
814 1272 826 1293 ‚
855 1240 898 1283 ὅ(
917 1252 1097 1296 peccare
1116 1240 1328 1282 docentes
1420 1255 1422 1258 ’
1447 1231 1476 1282 ζ·

120 1315 367 1370 Historias,
398 1319 473 1361 vel
504 1333 617 1375 quos
646 1318 881 1361 moriendo
915 1320 1098 1376 Cygnea
1125 1313 1310 1362 cantant

122 1397 220 1440 Ora
247 1398 567 1455 Tragoedorum
598 1401 805 1456 querulos
831 1398 978 1442 audire
1005 1400 1200 1444 dolores·

117 1476 298 1525 Vestitu
324 1477 553 1536 indulgent
582 1478 854 1522 muliebriter
870 1511 885 1531 ‚
909 1492 1074 1536 oraque
1099 1479 1202 1522 fuco

119 1558 402 1603 Dedecorant
418 1591 432 1609 .
451 1559 763 1616 speculumque
778 1559 917 1615 magis
934 1557 1065 1616 quim
1079 1558 1218 1602 ferrea
1236 1556 1454 1609 traetantv'

121 1636 231 1681 Tela
251 1653 382 1682 manu
401 1654 414 1684 ε
436 1640 539 1683 dant
558 1641 632 1683 vel
652 1639 826 1682 choreis
844 1672 857 1692 ,
883 1640 954 1682 vel
979 1637 1201 1682 amoribus
1220 1653 1360 1684 unum
1446 1621 1450 1631 ’

123 1719 369 1773 Dulcibus,
404 1732 479 1762 aut
505 1719 647 1776 epulis
677 1721 828 1762 ludum
850 1734 864 1768 3
889 1719 1166 1777 resolutaque
1190 1721 1301 1764 luxu

120 1802 327 1857 Corpora
352 1798 524 1843 militiae
549 1801 724 1844 tradunt
750 1816 762 1843 :
790 1799 870 1842 nifi
895 1799 1012 1843 forte
1037 1799 1196 1844 Dianae

122 1879 272 1936 Qudm
298 1881 466 1925 Veneri
494 1880 657 1925 servire
674 1914 687 1934 ‚
709 1881 901 1938 ferisque
927 1881 1087 1925 nivosa
1110 1881 1341 1939 sequendis

126 1961 211 2005 Per
238 1962 338 2005 loca
361 1961 595 2005 maluerint
621 1962 709 2006 acri
736 1964 975 2018 praeludere
999 1963 1134 2007 bello.

187 2042 373 2090 Cautior
399 2044 608 2099 exemplo
634 2057 780 2087 mores
810 2045 854 2086 &
882 2055 1083 2101 tempora
1107 2042 1314 2101 Princeps

122 2124 365 2168 Emendare
388 2125 548 2167 volens
567 2157 580 2177 ,
605 2125 681 2168 ubi
707 2139 862 2183 magna
888 2125 1068 2183 negotia
1096 2125 1242 2184 Regni

123 2204 352 2260 Explicuit
368 2237 381 2258 ,
406 2219 568 2250 vacuas
593 2219 739 2248 rerum
764 2206 995 2249 venatibus
1025 2207 1156 2251 horas

123 2286 252 2328 Dans
275 2285 479 2349 Lodoix‚
505 2287 669 2346 bellum
695 2287 851 2330 Gallos
876 2287 1122 2331 desuescere
1147 2286 1282 2345 longa

122 2366 237 2420 Pace
262 2379 384 2410 vetat
408 2384 422 2418 ;
448 2367 664 2423 juvenum
687 2367 843 2413 florem
870 2381 948 2423 per
971 2370 1121 2412 acerba
1148 2370 1354 2414 locorum

121 2445 354 2494 Indefeffus
385 2447 475 2509 agit
500 2462 614 2509 vaga
641 2446 751 2507 post
769 2448 947 2508 vestigia
974 2449 1128 2501 cervi3
