1500 2886
610 237 658 294 L
681 252 712 295 1
736 250 780 294 Β
811 252 851 294 ε
878 250 923 292 n
963 229 1015 291 I.
1146 247 1150 250 ·
1342 247 1412 307 19

170 333 348 382 Finitus
366 371 379 391 ,
402 339 448 382 δι
466 340 645 383 occulto
663 338 766 397 iuga
784 338 929 383 trudat
947 335 997 379 in
1014 333 1144 382 ardua
1163 329 1321 380 duam

172 416 348 462 Humor
376 432 427 462 ut
453 419 501 463 iu
523 434 697 478 pannos
722 420 889 463 sursum
915 417 1105 462 defertur
1129 430 1143 466 3
1169 425 1220 459 ut
1248 415 1340 456 alto

171 498 288 542 Fons
305 498 331 542 ὲ
347 513 502 544 monte
520 501 678 544 cadens
700 500 972 556 plumboque
989 493 1273 552 receptus‚in
1287 505 1411 541 auras

169 578 340 622 Emicat
368 595 383 630 ς
410 581 455 624 δι
480 580 692 637 quantum
717 578 867 636 primo
895 574 1047 636 capis?
1056 574 1217 619 extulit
1246 585 1351 617 ortu

170 659 331 703 Monte
349 660 503 716 super.
531 659 703 703 tantum
723 660 931 702 attollens
951 658 996 701 se
1013 657 1130 700 valle
1151 655 1226 698 sub
1245 654 1335 697 ima

169 739 371 792 Prosilit,
401 740 446 783 δι
471 740 626 797 rapido
654 754 847 785 vacuum
877 737 991 796 petit
1015 738 1116 782 aera
1139 735 1270 791 jactu.
1313 721 1317 730 “
1357 749 1359 751 ·

227 819 314 862 Seu
324 849 338 869 ,
354 820 500 876 pofito
511 822 637 865 velut
653 820 755 878 igne
768 853 781 874 ,
797 820 909 865 meri
920 818 1174 874 florumque
1190 818 1408 866 talentum

165 898 358 955 Spiritus
387 901 442 943 ad
468 899 608 944 costas
633 901 771 950 haeret
794 899 994 959 frigentis
1024 897 1187 952 aheni,

163 981 217 1022 In
240 981 483 1038 tenuesque
511 980 611 1024 fluit
636 994 812 1040 guttas;
843 970 1098 1024 fic‘abditus
1123 977 1229 1021 imis

163 1060 421 1104 Visceribus
446 1074 574 1105 terrae
599 1062 782 1105 refidem
811 1062 931 1104 calor
957 1060 1114 1117 igneus
1140 1060 1298 1102 undam
1317 1090 1331 1111 ‚

164 1143 312 1197 Quam
332 1156 468 1186 cavus
486 1141 688 1186 immenfi
708 1156 840 1186 mons
860 1140 1061 1185 continet
1079 1139 1208 1183 instar
1224 1137 1385 1193 aheni,

166 1223 351 1266 Calfacit
368 1256 383 1276 ,
408 1224 453 1266 ὅ(
478 1223 648 1266 sursum
673 1223 822 1267 fumos
848 1220 1015 1279 emittit
1038 1221 1230 1277 aquosos
1250 1235 1264 1270 3

164 1303 259 1357 Qui
278 1304 404 1346 fimul
424 1318 477 1348 ac
497 1302 631 1362 gelidi
650 1302 891 1361 tetigerunt
911 1309 1108 1345 concava
1128 1301 1295 1345 montis
1312 1335 1327 1357 ,

164 1385 385 1428 Densatus
410 1398 554 1441 vapor
579 1384 628 1427 in
650 1396 830 1428 tenuem
855 1382 900 1426 se
926 1381 1100 1441 colligit
1128 1382 1313 1426 imbrem
1329 1398 1344 1428 ε

164 1467 279 1509 Saxa
295 1467 474 1510 madent
485 1499 498 1520 ,
516 1466 773 1523 circumque
789 1465 915 1523 vagis
932 1465 1040 1508 flent
1055 1464 1206 1507 omnia
1222 1465 1358 1522 guttis
1373 1479 1390 1515 3

163 1549 292 1591 Unde
320 1548 463 1592 oritur
488 1548 614 1597 rivus
632 1581 646 1602 ,
672 1548 749 1605 qui
774 1547 943 1596 montis
969 1547 1123 1590 acerba
1146 1547 1330 1590 volutus

163 1626 248 1670 Per
266 1629 401 1671 latera
417 1661 430 1682 ‚
450 1627 555 1672 hinc
573 1627 698 1677 illinc
716 1642 854 1677 venas
874 1627 1057 1672 rimatur
1074 1631 1243 1683 apertas
1259 1657 1278 1681 ,

162 1708 311 1765 Atque
331 1708 521 1752 humiles
540 1707 641 1767 iuga
660 1722 742 1765 per
760 1707 951 1754 declivia
970 1708 1105 1752 fertur
1124 1707 1172 1751 in
1190 1721 1335 1766 agros.

228 1790 321 1831 Ima
345 1788 628 1846 vaporiferos
657 1789 775 1834 intra
801 1789 1044 1847 penetralia
1068 1802 1195 1837 terrae

165 1870 382 1912 Fomaces
410 1871 558 1918 ardere
584 1871 743 1924 docet,
770 1870 847 1929 qui
871 1870 1035 1928 frigora
1060 1869 1222 1927 plantis

166 1950 255 1993 Sub
277 1949 384 1993 nive
404 1949 598 1999 defendit
615 1949 774 1997 tacitus
794 1952 914 1994 calor
930 1982 943 2004 ‚
962 1962 1091 2008 atque
1111 1952 1316 2000 rubentes

165 2031 372 2075 AEthnaeo
398 2031 477 2089 qui
500 2043 654 2075 monte
677 2031 826 2075 furem
851 2032 1044 2088 erumpit
1071 2031 1119 2075 in
1143 2046 1267 2078 auras

115 2097 118 2100 Δ
165 2114 458 2156 flammarum
484 2113 640 2170 globus
659 2143 673 2165 ,
702 2111 938 2170 ignivomo
966 2112 1134 2157 telluris
1159 2113 1282 2161 hiatu

164 2193 355 2237 Horrida
380 2207 458 2250 per
482 2192 654 2241 Siculos
680 2192 885 2250 spargens
913 2192 1113 2237 incendia
1140 2208 1337 2251 campos,

225 2275 347 2317 Adde
372 2273 618 2317 salutiferos
642 2273 789 2317 fontes
806 2304 820 2326 ‚
846 2273 890 2316 &
914 2275 1067 2318 balnea
1091 2275 1241 2332 paffim

164 2354 373 2400 Terrenis
400 2354 602 2398 calefacta
626 2353 740 2399 focis
758 2386 772 2408 .
800 2354 983 2412 aerisque
1009 2358 1185 2400 metalla
1205 2389 1216 2409 ‚

165 2436 387 2493 Quodque
407 2435 537 2494 sagax
554 2426 721 2481 Natura
741 2434 862 2481 cavis
880 2435 957 2485 sub
976 2437 1202 2481 montibus
1221 2451 1375 2482 aurum

1058 2515 1155 2570 Bij
