1500 2834
500 266 974 327 LIBERVI.
1248 279 1354 344 151
1443 328 1445 330 ,

22 436 26 439 ⁴
113 370 281 418 Pelices
307 373 500 417 Arabum
527 372 669 416 ditant
692 370 975 429 opobalsama
1001 367 1158 412 silvas:

114 457 234 499 Hinc
254 455 365 506 Chia
379 453 553 498 lentisci
567 456 785 511 lacrymas
805 452 936 496 habet
954 449 1128 499 insula·,
1147 447 1281 491 saltus

118 537 238 579 Hinc
265 535 438 580 Calabri
459 548 607 579 rorem
629 532 823 584 stillant,
849 545 984 589 quem
1011 528 1196 588 frigidus
1225 528 1302 572 aer

118 618 371 675 congelat:
389 630 415 660 e
429 617 550 659 coelo
567 615 739 671 lapsum
758 613 884 670 plebs
902 613 1078 656 credula
1096 608 1256 666 jaciam

121 698 463 755 AEthereamque
486 707 623 740 vocat
645 708 853 738 mannam
869 726 883 747 ‚
906 704 1090 748 memor!
1109 690 1230 735 illius
1257 691 1367 737 escae

122 780 224 835 Qua
247 781 372 823 Deus
401 788 622 822 errantem
644 778 746 820 loca
765 789 846 833 per
872 774 1038 818 deserta
1062 783 1134 816 tot
1161 786 1304 817 annos

116 861 404 905 Abramidum
429 858 556 916 pavit
579 856 748 902 coelesti
776 869 960 900 munere
987 866 1184 913 gentem.

179 942 375 993 Uberior
398 940 530 986 venis
553 951 603 984 ut
627 938 710 997 pix
734 939 933 983 decurrat
957 935 1122 994 apertis
1139 967 1154 991 ‚

122 1024 323 1069 Rusticus
338 1025 428 1068 heu
454 1026 465 1068 ἔ
492 1023 610 1067 ferro
634 1020 794 1079 pinum
819 1020 1011 1064 denudat
1036 1033 1049 1063 ι
1075 1017 1307 1076 hiemsque
1393 1013 1409 1025 “

120 1105 295 1164 Frigida
321 1104 412 1161 jam
439 1105 567 1147 nullo
592 1102 819 1147 defensum
843 1100 1012 1146 cortice
1041 1101 1222 1144 succum

122 1187 386 1232 Consolidat
404 1201 420 1236 ·‚
439 1184 728 1242 claudensque
747 1182 845 1227 vias
864 1215 877 1236 ,
903 1180 1033 1240 queis
1062 1180 1244 1238 spiritus
1264 1180 1369 1238 ipsis

59 1281 66 1289 ·
125 1270 319 1311 Ducitur
349 1267 577 1311 arboribus
595 1297 609 1320 ‚
634 1278 736 1308 cum
761 1262 1049 1320 respiramine
1077 1262 1219 1306 vitam

124 1349 269 1406 Eripit
294 1364 306 1392 :
330 1349 459 1392 arbor
478 1346 599 1391 enim
618 1346 718 1402 (res
738 1358 833 1389 non
851 1342 1036 1404 ignota)
1060 1344 1253 1387 serarum

127 1430 263 1474 Instar
289 1430 333 1472 &
358 1428 544 1472 alituum
562 1459 574 1480 ‚
602 1425 822 1484 piscisque
846 1425 1024 1470 latentis
1052 1425 1101 1469 in
1126 1426 1222 1469 imo

129 1510 323 1570 Gurgite
341 1543 354 1564 ,
380 1509 543 1553 vitales
575 1508 621 1552 &
647 1506 789 1551 reddit
818 1507 863 1551 δι
888 1506 1052 1564 accipit
1076 1520 1238 1552 auras.-

191 1592 353 1636 Tutius
379 1591 440 1635 est
464 1589 648 1634 australe
677 1590 791 1632 latus
817 1588 1040 1632 recludere
1063 1589 1183 1634 ferro
1201 1621 1216 1642 ,

134 1675 283 1731 Atque
310 1671 544 1717 terebratis
565 1657 804 1715 'humorem
830 1670 1014 1715 educere
1038 1671 1222 1715 truncis.

134 1758 250 1799 Nam
270 1755 397 1797 velut
414 1753 657 1796 humanum
674 1782 689 1805 ,
707 1749 901 1795 detra&o
918 1751 1128 1810 sanguine
1139 1785 1153 1806 ‚
1175 1765 1339 1809 corpus

133 1839 260 1893 Saepe
283 1837 404 1880 valet
430 1850 446 1885 ·,
472 1848 667 1879 nocuum
695 1834 753 1877 fic
780 1832 893 1890 justo
923 1833 1068 1878 laetior
1093 1831 1224 1878 arbos

129 1921 355 1961 Exonerat
380 1916 556 1960 succum
573 1948 587 1970 ‚
612 1914 748 1959 sterili
776 1929 860 1959 nec
884 1914 972 1971 jam
1002 1916 1191 1973 amplius
1217 1914 1377 1961 umbra

136 1996 356 2043 Luxuriat
381 2013 397 2049 ;
422 1996 566 2041 ἱηιᾶιι
591 1997 665 2041 sed
689 2010 851 2041 curvos
877 1997 1013 2041 ubere
1038 2010 1189 2041 ramos

138 2079 368 2137 Deprimit
383 2112 398 2134 ‚
421 2079 465 2123 &
490 2078 604 2123 dulci
633 2079 915 2123 commendat
939 2092 1074 2135 poma
1103 2079 1276 2136 sapore.

156 2190 159 2192 ,
195 2163 346 2216 Quare
361 2175 439 2220 age
458 2174 514 2205 ne
529 2161 678 2205 dubita
694 2159 895 2205 fabrilem
912 2160 1114 2204 adhibere
1131 2160 1338 2205 cavandis

138 2243 380 2288 Arboribus
407 2244 620 2287 terebram
640 2275 652 2297 ‚
677 2256 757 2300 per
783 2242 867 2287 iter
892 2241 1066 2286 declive
1091 2244 1287 2286 canalem

46 2354 51 2358 ·
115 2325 354 2384 ‘Insertum
382 2335 433 2368 ut
456 2323 607 2368 subeat
630 2323 817 2382 liquor3
842 2320 1092 2382 obliquabis
1121 2323 1318 2367 adactum

141 2407 288 2457 Altius·
315 2406 362 2450 in
386 2418 567 2451 truncos
592 2407 759 2450 vulnus
787 2421 801 2455 3
828 2404 914 2463 qua
939 2416 1061 2463 parte
1087 2414 1290 2463 tepentes
1332 2403 1344 2413 ‘

143 2489 337 2534 Uberius
365 2487 529 2535 stillans
554 2488 685 2533 arbor.
707 2486 920 2546 spestabit
944 2488 998 2533 ad
1024 2486 1224 2532 Austros.

1023 2568 1069 2612 K
1100 2568 1148 2613 iv
