1500 2834
123 200 232 281 158
357 203 687 261 PRAEDJI
726 205 1110 261 Rvsrlct

112 304 177 346 Ut
204 314 437 360 penetrent
462 303 581 350 intus
607 307 674 349 sol
700 307 744 350 δε
770 306 1014 365 perflabilis
1038 306 1162 359 aer„

113 384 206 438 Qui
225 396 352 441 putre
371 386 650 430 consolident
671 401 832 445 corpus
855 403 869 438 3
896 401 952 431 ne
971 385 1102 444 pestis
1123 384 1171 428 in
1189 386 1303 430 altos

110 464 316 508 Effundat
339 466 435 510 tota
460 467 505 512 se
530 468 663 512 latius
693 470 848 513 arbore
879 483 1045 514 ramos.

172 546 228 587 In
255 547 420 591 teneris
448 548 585 593 etiam
609 550 772 606 plantis
797 550 1040 608 primordia
1064 549 1172 594 vitae

110 627 327 673 Difficiles
355 642 525 674 tentant
553 632 699 676 morbi
725 648 739 683 ·,
766 632 1025 676 seuficcior
1054 632 1174 676 aestas

108 709 339 766 Incubuit,
366 715 442 756 vel
470 713 609 771 frigus
640 713 758 758 iners
775 747 788 766 ‚
816 725 892 757 aut
919 713 1084 772 largior
1111 712 1268 757 imber.

109 791 236 846 Saepe
259 791 447 839 viatoris
479 793 643 851 quaffat
672 808 828 838 manus
855 795 1059 852 improba
1084 806 1289 839 truncum

107 873 368 925 Imbellem3
394 874 547 932 stirpes
571 875 709 920 foffor
732 878 810 920 vel
839 878 958 933 talpa
985 875 1137 935 fatigat
1155 892 1168 919 z

107 952 352 1012 Cinctaque
377 955 425 999 ni
449 957 582 1000 tortis
608 958 833 1002 arbuscula
859 957 1054 1001 sentibus
1078 958 1231 1001 horret
1251 973 1267 1007 ;

108 1036 253 1092 Capra
279 1048 527 1080 venenatos
552 1038 704 1081 dentes
730 1037 778 1080 in
802 1037 968 1096 cortice
994 1037 1109 1096 figit.

168 1116 434 1160 Praematura
457 1116 592 1161 novis
609 1150 621 1171 ‚
649 1118 751 1161 casu
777 1118 1028 1162 damnosior
1053 1118 1180 1162 omni
1196 1151 1210 1172 ‚

106 1197 326 1241 Fertilitas
353 1210 487 1242 nocet
511 1199 603 1255 ipsa
627 1198 754 1257 pyris
785 1215 797 1243 :
828 1211 940 1256 quot
970 1199 1096 1243 hiare
1121 1199 1290 1243 tenello

107 1278 279 1335 Aspicis
305 1278 354 1320 in
380 1293 504 1322 ramo
534 1279 668 1324 flores
687 1313 700 1334 ,
720 1291 791 1323 tot
815 1281 934 1338 fi‘gna
959 1282 1110 1324 salutis
1223 1263 1226 1266 Δ

107 1358 295 1403 Afflietae
315 1393 328 1414 ‚
353 1371 425 1403 tot
446 1372 564 1403 certa
591 1360 720 1404 vides
744 1361 952 1419 praesagia
975 1362 1152 1406 mortis.

169 1442 310 1485 Pallet
331 1441 407 1485 ubi
434 1442 569 1486 viridi
594 1442 717 1486 frons
743 1443 941 1496 corrice3
962 1443 1172 1500 quaeritur
1195 1441 1286 1486 imz‘i

108 1525 197 1568 Sub
222 1525 380 1568 tellure
405 1524 511 1567 mali
536 1525 652 1567 labes
673 1539 688 1574 ·‚
713 1525 957 1581 nudataque
982 1523 1108 1568 radix

107 1604 352 1663 Purgatur:
385 1604 460 1649 sed
485 1620 622 1662 quum
647 1605 788 1661 coepit
815 1605 1060 1664 nigrescere
1088 1617 1245 1648 cortex

108 1687 269 1730 Aridus
290 1719 303 1740 ,
328 1687 533 1730 invalidae
557 1686 640 1730 vix
666 1685 932 1730 auxiliabere
958 1688 1148 1743 plantae.·

158 1769 335 1811 >Mucor
367 1767 431 1821 (fi
462 1781 549 1824 qua
574 1765 682 1810 fides
710 1767 883 1810 acuenti
910 1767 1080 1811 lumina
1105 1767 1265 1826 vitro)

109 1852 364 1907 Fungorum
380 1862 517 1907 genus
535 1847 596 1890 est
612 1863 626 1897 ;
651 1847 793 1891 fixum
810 1850 930 1906 quod
945 1850 994 1892 in
1008 1851 1163 1893 arbore
1177 1863 1318 1894 venas

111 1931 318 1987 Occupat
336 1962 349 1983 ,
380 1930 424 1973 ὅτ.
450 1943 596 1972 ramos
622 1929 805 1973 inimica
829 1931 927 1974 tabe
957 1931 1136 1987 peresos
1206 1948 1209 1949 ⁷
1342 1922 1345 1924 l

109 2011 333 2054 Interimit
362 2026 377 2061 ;
403 2011 579 2054 succum
603 2010 717 2054 villo
743 2026 923 2068 quoque
947 2012 1124 2055 muscus
1155 2011 1277 2056 edaci

110 2093 328 2136 Subducet
354 2108 368 2142 3
395 2093 514 2136 ferro
540 2090 622 2134 nifi
647 2092 819 2136 tollitur
843 2093 1020 2136 horrida
1047 2095 1164 2138 labes
1182 2127 1198 2147 ‚

110 2175 267 2230 Quum
291 2174 459 2218 maduit
484 2176 623 2233 longo
649 2187 806 2219 cortex
831 2176 1069 2234 purgabilis
1096 2177 1254 2221 imbre.

172 2256 361 2299 Tortilis
377 2258 610 2300 arboreum
627 2259 753 2301 velut
772 2257 890 2301 aristo
912 2261 1123 2316 compede
1140 2271 1344 2304 truncum

107 2336 311 2394 Implicat
337 2338 381 2380 &
403 2337 581 2381 frondes
604 2339 763 2383 hedera
787 2338 1019 2382 ambitiosa
1042 2355 1122 2397 per
1145 2343 1252 2387 altas

108 2420 343 2470 Indecores
367 2418 516 2477 pomis
546 2421 674 2469 audet
693 2419 879 2489 iniscere
903 2423 1160 2480 corymbos.
