1482 2834
109 192 224 269 276
352 195 684 256 PRAE-Dtl
725 197 1106 258 Rvsr‘rct

101 292 326 338 Exonerat
349 297 463 341 ruris
487 298 622 343 fac-ies
647 315 661 343 ι
687 313 781 344 non
806 300 946 344 divite
971 303 1094 344 cultu

101 372 225 419 Villa
252 377 366 421 nitet
391 393 406 428 ·‚
432 379 507 423 sed
531 380 719 425 divitior
743 382 908 424 Natura
931 395 1011 438 per
1037 394 1169 439 agros

100 455 330 512 Explicuit
349 458 502 516 passim
518 494 531 515 ,
554 465 697 506 multo
715 464 835 520 quod
854 462 899 505 in
921 462 1099 506 urbibus
1119 465 1327 518 emptum¹

101 537 204 582 AEre
221 571 235 592 ‚
256 541 468 585 coloratis
490 557 559 587 ars
586 543 744 588 deterit
767 545 924 588 aemula
948 543 1094 588 testis.

163 619 282 663 Rure
298 620 425 665 vides
446 638 542 681 quae
562 625 678 682 pista
697 627 872 683 placent
885 658 897 678 ,
918 624 1125 682 audisque
1142 625 1359 667 canen'tes'
1435 656 1444 664 .

103 697 225 755 Quas
251 702 440 746 urbanus
466 704 592 748 hians
617 707 825 750 volucres
853 704 902 748 in
920 704 1112 763 imagine
1131 715 1277 747 mutas
1431 689 1433 694 ¹

103 781 272 838 Aspicit
296 799 308 826 ε
334 782 413 828 ille
435 785 532 828 rudi
558 786 763 830 silvarum
789 786 1036 831 imitamine
1060 785 1202 843 pascit

103 863 292 907 Lumina
308 879 322 914 ·,
340 876 390 908 tu
411 879 644 910 nemorum
666 869 824 925 gaudes
841 866 1136 911 viridantibus
1153 865 1319 911 umbris
1334 881 1355 917 ’7

104 945 204 993 Vel,
219 948 384 989 coelum
409 948 628 1005 terrasque
654 948 794 992 oculis
819 949 1048 1002 emensus,
1073 950 1117 992 &
1143 948 1255 993 auri--

104 1024 331 1070 Liberiore
357 1027 503 1070 fruens
518 1060 530 1080 ‚
557 1028 671 1071 soles
697 1040 771 1071 aut
794 1028 959 1093 frigora
983 1040 1170 1085 captas·;·

103 1108 292 1152 Fumosa
315 1121 395 1151 nec
421 1107 468 1150 in
492 1094 596 1151 urbe
621 1110 789 1162 latens,
817 1110 861 1152 δε
884 1108 1024 1152 totius
1048 1109 1182 1153 orbis

104 1189 218 1232 Exul
243 1188 338 1246 agis
359 1188 523 1232 tristem
540 1221 552 1241 ‚
577 1189 745 1232 cIausus
769 1189 887 1247 quasi
913 1203 1082 1233 carcere
1099 1219 1116 1243 ,-
1131 1187 1295 1234 vitam».

164 1271 312 1313 Turba
337 1270 600 1313 salutantum
624 1271 803 1313 resonas
828 1283 922 1312 non
946 1269 1112 1314 obfidet
1137 1271 1250 1314 ades
1267 1285 1281 1314 ε

104 1351 191 1396 sed
214 1365 357 1408 neque
381 1351 646 1407 tranquillos
675 1350 790 1394 subit
814 1349 946 1393 anxia
970 1363 1297 1408 curapenateS.

104 1433 266 1476 Nullus
293 1430 407 1475 adest
431 1443 610 1474 teneros
636 1429 792 1474 recitet
815 1430 893 1487 qui
918 1429 1069 1492 mollis
1094 1444 1271 1475 amores

107 1512 303 1563 Musteus
328 1527 343 1563 ;
371 1511 557 1555 alituum
581 1511 656 1556 sed
676 1510 865 1555 vocibus
891 1511 1044 1554 omnia
1066 1512 1155 1555 late

107 1595 231 1643 Arva
254 1594 439 1648 sonant,
469 1592 630 1638 animis
653 1606 749 1636 non
773 1591 978 1636 infidiosa
998 1593 1208 1649 voluptas
1223 1607 1241 1639 a

107 1678 243 1721 Nulla
266 1676 348 1719 tibi
375 1675 492 1720 festis
516 1677 708 1734 pendent
732 1675 867 1718 aulaea
891 1673 1122 1723 theatris-3-

109 1758 199 1810 Sed
221 1771 376 1804 nemus
402 1756 453 1799 in
475 1757 612 1800 scenae
637 1755 794 1800 faciem
819 1769 919 1799 cum
947 1766 1100 1799 monte
1126 1752 1294 1800 virenti

110 1836 394 1882 Descendens
408 1868 421 1890 ,
442 1837 487 1880 δε
505 1836 630 1880 rivus
649 1851 780 1895 agens
797 1850 894 1880 cum
915 1839 1138 1880 murmure
1154 1837 1391 1897 lymphas}

113 1916 309 1964 Flumina
332 1917 513 1962 filvosas
539 1918 615 1961 vel
643 1917 917 1961 decurrentia
940 1919 1082 1962 valles

115 1998 324 2046 Blandius
350 1997 569 2042 oblectant
596 1999 751 2040 oculos
776 1998 1063 2056 animumque
1088 2011 1339 2045 vacantem.

177 2081 278 2124 Vos
296 2112 309 2132 ‚
335 2079 488 2122 animae
515 2078 681 2122 mundo
706 2089 816 2121 natae
836 2111 848 2130 ,
878 2093 990 2135 quos
1015 2078 1123 2134 juris
1145 2081 1189 2124 δε
1207 2081 1325 2139 aequi

115 2161 291 2208 Publica
317 2174 417 2203 cura
446 2172 566 2203 tenet
583 2191 596 2212 ‚
621 2158 752 2204 vestri
780 2174 875 2216 quae
901 2160 1014 2203 furta
1035 2160 1232 2204 licebunt

112 2241 351 2298 Temporis
369 2274 381 2294 ,
409 2242 501 2284 haec
521 2238 654 2285 vobis
678 2239 909 2297 patrioque
925 2241 1171 2298 impendite
1186 2242 1322 2287 fundo
1334 2250 1352 2297 ,’

115 2324 268 2378 Quum
295 2323 490 2379 primum
520 2323 644 2366 rubet
671 2337 758 2366 uva
786 2336 911 2366 mero
938 2338 952 2372 ;
980 2334 1147 2367 mutate
1175 2323 1322 2379 filenti

114 2404 234 2461 Rure
258 2402 348 2453 fori
375 2403 494 2452 rixas
512 2434 526 2460 ‚
550 2402 893 2467 implacatosque
924 2406 1190 2468 tumultus}
