1500 2886
116 295 194 348 2'2'
355 291 686 351 PRAEDII
729 294 1102 354 Rvsrtct

112 392 217 436 Sole
245 394 378 451 coqui
405 410 418 443 3
444 395 578 439 nullis
604 395 749 441 aestum
776 397 1016 442 solantibus
1042 395 1176 440 auris.

172 474 288 532 Ergo
313 476 464 519 locum
492 477 637 534 capies
652 511 667 532 ‚
694 479 771 536 qui
794 494 876 523 nec
900 478 1134 536 depreffior
1160 477 1280 521 unda-

111 554 292 611 Stagnet
310 555 358 598 in
375 557 554 602 hiberna
569 591 583 612 ‚
602 573 683 603 nec
701 560 891 604 tristibus
909 562 1085 604 horreat
1103 559 1268 602 Austris

109 633 283 678 Editior
297 669 310 690 ,
338 651 483 696 neque
508 653 752 697 praeruptus
775 640 884 685 fluat
906 642 1076 691 imbre3
1096 641 1170 684 sed
1193 639 1282 683 ima

110 715 200 759 Vel
225 717 282 760 fic
307 721 423 762 valle
447 722 587 764 latens
612 720 818 777 subsidet,
842 736 892 766 ut
920 722 1018 766 aeta
1046 724 1197 765 laxum

108 798 343 860 Accipiat-3
368 803 443 845 vel
463 803 519 845 fic
538 815 738 847 montem
759 805 993 862 consurget
1013 804 1060 847 in
1081 805 1218 846 altum
1236 836 1251 857 ,

109 879 285 924 Montis
309 893 359 924 ut
383 882 559 926 alterius
586 884 785 927 defensus
816 883 1007 927 culmine
1025 917 1038 937 ‚
1057 883 1206 927 ventis

109 961 215 1003 Non
243 962 382 1019 rigeat
407 979 421 1013 3
447 963 504 1006 fic
528 962 711 1019 planitie
738 964 918 1008 diffusus
936 998 948 1018 ‚
977 977 1027 1010 ut
1051 964 1211 1008 imbres

107 1041 330 1087 Hibernos
359 1044 537 1088 fallente
563 1057 694 1102 queat
719 1046 929 1088 deducere
959 1045 1099 1087 clivo.

169 1123 349 1181 Pinguis
378 1125 454 1167 ubi
479 1125 606 1168 molli
634 1125 789 1169 senfim
814 1138 954 1169 tumet
977 1125 1090 1170 edita
1117 1125 1280 1180 dorso,'

107 1203 163 1245 Et
187 1203 361 1258 tepidos
392 1206 521 1248 tellus
550 1205 726 1250 modice
751 1204 942 1249 deflestit
969 1207 1022 1248 ad
1047 1205 1225 1249 Austros
1244 1238 1257 1256 ‚

106 1285 201 1326 Nec
228 1284 429 1327 tremulis
454 1284 577 1327 rivus
602 1284 756 1328 saliens
776 1287 931 1342 procul
951 1285 1158 1343 obstrepit
1176 1277 1303 1329 undis
1319 1302 1338 1335 ς

106 1362 321 1419 Optimus
347 1364 422 1407 ille
451 1363 573 1407 domi
599 1364 703 1408 fitus
733 1364 794 1407 est
813 1381 825 1409 :
844 1365 917 1409 hic
936 1366 1064 1418 atria,
1090 1367 1304 1425 cellasque
1322 1398 1337 1420 ,

106 1445 161 1487 Et
190 1444 347 1489 stabula
364 1478 377 1496 ,
405 1447 447 1488 ὅ(
475 1458 598 1489 totos
625 1446 746 1489 sulco
772 1446 960 1490 describe
986 1459 1197 1503 penates;

105 1526 160 1569 Et
185 1540 241 1569 ne
267 1526 484 1583 praecipiti
511 1527 618 1583 quid
646 1527 962 1570 inemendabile
988 1541 1142 1583 pecces

106 1592 307 1649 Consilio
329 1622 342 1656 ·‚
370 1606 563 1662 prostent
587 1607 735 1663 operis
763 1607 1004 1663 primordia
1021 1639 1034 1659 ,
1057 1619 1160 1650 toto
1196 1622 1200 1626 ·

106 1688 220 1742 Quae
246 1688 411 1746 rigidus
435 1699 580 1730 tecum
603 1689 757 1731 censor
780 1687 986 1742 dijudicet
1011 1701 1144 1733 ann0.

165 1770 234 1811 Ne
248 1769 408 1811 fundus
422 1769 575 1812 villam
586 1801 600 1822 ,
617 1782 761 1825 neque
775 1769 956 1812 fundum
971 1770 1134 1813 urbana
1147 1767 1335 1813 vicissim

103 1849 228 1894 villa
242 1850 459 1906 requirat·,
476 1863 580 1906 agro
598 1848 649 1891 fit
665 1862 764 1904 pars
784 1850 940 1892 domus
958 1865 969 1892 :
988 1850 1116 1892 ardua
1134 1863 1227 1892 non
1243 1861 1336 1893 tam

104 1929 344 1986 Suscepiffe
363 1928 487 1983 iuvat
504 1962 516 1982 ‚
543 1928 673 1986 quam
693 1928 931 1973 sustinuisse
951 1931 1158 1973 decorum
1182 1930 1272 1980 est3

104 2011 300 2067 Turpius
329 2012 372 2054 &
398 2009 525 2053 ceffat
550 2008 639 2066 quo
663 2022 810 2067 coepta
833 2010 1087 2066 superbius,
1115 2011 1222 2053 urbe

101 2091 363 2149 Indignante
381 2125 394 2144 ‚
425 2093 581 2134 domus
603 2106 614 2134 ε
637 2102 686 2133 tu
703 2092 830 2134 laxos
852 2105 951 2134 rure
970 2102 1153 2147 penates

102 2174 168 2215 Ut
193 2173 313 2216 facili
336 2172 491 2215 statuas
517 2170 682 2228 oper53
709 2185 789 2214 nec
813 2171 1022 2229 prodigus
1047 2185 1204 2215 aurum

103 2252 308 2296 Effundas
328 2286 339 2305 ,
365 2253 487 2296 villae
512 2252 708 2295 felicibus
732 2263 856 2294 utere
886 2252 1031 2295 donis.

101 2335 195 2376 Dat
222 2333 387 2390 lapides
419 2334 555 2376 muris
581 2334 709 2376 tellus
730 2347 744 2382 ·,
770 2333 842 2375 dat
867 2333 990 2375 lucus
1016 2332 1257 2390 inemptam

103 2412 340 2457 Mater-iem
369 2412 497 2456 tediis
520 2447 534 2467 ,
557 2409 788 2469 operisque
816 2412 1038 2457 fabrilibus
1059 2428 1073 2463 ·,
1092 2413 1210 2458 idem

103 2495 158 2539 Et
185 2493 351 2540 virides
381 2508 526 2539 ramos
560 2494 605 2539 ὅ(
633 2494 778 2539 caedua
807 2493 927 2553 ligna
955 2493 1193 2550 ministrat,
