1500 2886
449 196 1151 279 EPISTOL‘RJ
1321 186 1404 286 «ἑῇ

158 328 290 389 'mihi
318 331 396 390 ad
427 355 530 390 rem
557 332 820 411 poeticam
857 330 1163 406 adjumento
1186 327 1408 405 futurus

159 454 212 490 es
249 476 269 506 ‚
301 434 422 514 jam
450 437 611 512 probe
642 435 771 492 novi
809 457 877 492 ex
904 419 1264 510 frequentibus
1301 431 1411 489 tuis

159 535 344 592 litteris
360 580 382 607 ,
420 535 581 612 iisque
618 534 931 605 uberioribus
957 545 979 608 ‚‘
1018 531 1176 611 μάνη
1219 534 1286 592 ab
1324 516 1415 599 ‹ic-fl

162 636 485 717 cupatiffimo
533 635 646 695 viro
676 635 885 713 sperare
932 634 1201 692 debueram
1236 619 1270 693 '.·
1317 643 1415 718 nec

151 734 359 818 poffitm
398 738 528 813 quin
563 739 794 815 gratuler
834 736 954 815 l'pfi
992 736 1122 794 mihi
1160 778 1181 810 ‚
1223 734 1316 812 qui
1352 719 1416 793 ire

161 820 448 894 Provincici
474 839 733 915 repererim
754 835 1053 919 praesidium
1070 880 1093 909 ,
1124 839 1276 913 quale
1302 835 1421 893 Pa·-²

160 936 292 1018 rifiis
322 939 537 997 habuere
569 941 865 997 maximum
901 939 1149 1016 Rapinus
1172 980 1195 1009 ‚
1237 935 1418 994 Comi-1

161 1040 269 1096 rius
289 1082 307 1112 ‚
338 1041 536 1096 Ruaeus
555 1084 576 1111 ,
616 1040 810 1116 aliique
852 1039 1151 1097 celeberrimi
1199 1041 1360 1095 Vates
1388 1049 1417 1108 ,⁴

163 1163 379 1216 quorum
409 1143 626 1199 acuebat
651 1139 959 1224 industriam
985 1139 1414 1197 LAMONIUS

163 1243 325 1299 Pater
361 1260 484 1300 tuus
502 1286 521 1317 ,
554 1246 597 1299 S
599 1234 783 1301 enatus
813 1239 1044 1323 Panfini
1071 1241 1321 1317 Princeps
1351 1239 1417 1295 il-

162 1343 484 1426 lustnffi'mus
504 1387 523 1417 ‚
542 1365 634 1401 nec
653 1323 998 1419 fhrtunarum
1027 1343 1196 1421 magis
1215 1386 1236 1414 ,
1258 1362 1416 1419 quam

148 1440 314 1516 famae
343 1445 543 1502 arbiter.
580 1444 662 1501 Tu
676 1444 842 1521 apud
866 1444 1021 1500 illum
1051 1443 1115 1501 irt
1135 1442 1416 1520 Musarum

164 1542 316 1625 quasi
348 1544 613 1602 domicilio
652 1545 901 1603 educatus
933 1587 956 1616 ,
993 1541 1052 1602 6·
1077 1563 1417 1621 paternarum

163 1646 416 1701 virtutum
454 1647 726 1704 aemulator
748 1689 769 1718 ,
793 1645 978 1728 studia
1017 1666 1130 1702 mea
1170 1654 1280 1702 nort
1321 1646 1416 1703 ad-

166 1745 425 1802 hortando
466 1742 674 1802 tantum
706 1788 726 1818 ‚
754 1745 862 1823 sed
900 1747 1178 1804 erudiendo
1219 1769 1419 1824 quoque

157 1867 433 1923 promoves
474 1870 500 1918 ;
555 1846 798 1925 cavesque
857 1846 1084 1929 confiliis
1145 1848 1252 1914 tuis
1280 1891 1299 1921 ‚
1358 1870 1424 1906 ne

165 1949 298 2024 quid
332 1970 356 2005 e
396 1949 640 2006 manibus
676 1949 734 2005 in
761 1949 1034 2024 publicam
1072 1951 1236 2006 lucem
1286 1947 1424 2007 elabi

98 2070 101 2071 ⁷
147 2049 334 2131 finam
354 2094 374 2121 ,
408 2051 551 2126 quod
581 2067 672 2107 tuo
704 2050 916 2107 nomine
950 2049 1226 2128 indignum
1259 2051 1426 2110 videri

156 2151 336 2231 poffit.
357 2151 516 2228 Perge
548 2146 602 2208 ὃ*
632 2134 865 2232 deposita*
892 2151 1122 2207 bonitate
1151 2150 1262 2227 qud
1275 2152 1424 2230 Jbles

168 2252 246 2309 ad
274 2270 320 2308 te
351 2252 599 2315 adeuntes
626 2253 851 2329 excipere
872 2294 892 2324 ‚
918 2252 1103 2309 duram
1131 2274 1275 2310 nunc
1305 2254 1425 2331 pri-

170 2374 311 2410 mum
343 2353 672 2430 severitatem
720 2354 903 2411 adhibe
927 2376 953 2425 ;
992 2353 1259 2431 versusque
1293 2375 1423 2431 quos

170 2454 247 2510 ad
268 2472 314 2511 te
337 2454 488 2513 mitto
511 2455 659 2514 libere
687 2455 947 2534 redargue.
976 2452 1257 2533 Quantum
1287 2455 1424 2513 enim

1018 2576 1020 2578 ’
1053 2577 1086 2614 a
1125 2576 1181 2614 lv
