<?xml version="1.0" encoding="UTF-8"?>
<!DOCTYPE html PUBLIC "-//W3C//DTD XHTML 1.0 Transitional//EN"
    "http://www.w3.org/TR/xhtml1/DTD/xhtml1-transitional.dtd">
<html xmlns="http://www.w3.org/1999/xhtml" xml:lang="en" lang="en">
 <head>
  <title>
</title>
<meta http-equiv="Content-Type" content="text/html;charset=utf-8" />
  <meta name='ocr-system' content='tesseract 3.04.00' />
  <meta name='ocr-capabilities' content='ocr_page ocr_carea ocr_par ocr_line ocrx_word'/>
</head>
<body>
  <div class='ocr_page' id='page_1' title='image "./praediumrusticum00vaniuoft_0066.png"; bbox 0 0 1500 2886; ppageno 0'>
   <div class='ocr_carea' id='block_1_1' title="bbox 112 247 1155 345">
    <p class='ocr_par' dir='ltr' id='par_1_1' title="bbox 112 247 1155 345">
     <span class='ocr_line' id='line_1_1' title="bbox 112 247 1155 345; baseline 0.001 -19"><span class='ocrx_word' id='word_1_1' title='bbox 112 288 193 345; x_wconf 80' lang='lat'>42</span> <span class='ocrx_word' id='word_1_2' title='bbox 314 268 688 324; x_wconf 74' lang='lat' dir='ltr'><strong><em>PRAEDII</em></strong></span> <span class='ocrx_word' id='word_1_3' title='bbox 730 247 1155 327; x_wconf 62' lang='grc' dir='ltr'>Κυετιεὶ</span> 
     </span>
    </p>
   </div>
   <div class='ocr_carea' id='block_1_2' title="bbox 104 371 1351 1807">
    <p class='ocr_par' dir='ltr' id='par_1_2' title="bbox 104 371 1190 511">
     <span class='ocr_line' id='line_1_2' title="bbox 112 371 1167 422; baseline 0.002 -8"><span class='ocrx_word' id='word_1_4' title='bbox 112 372 310 420; x_wconf 78' lang='lat' dir='ltr'>Avolat3</span> <span class='ocrx_word' id='word_1_5' title='bbox 339 372 381 414; x_wconf 74' lang='grc' dir='ltr'>ὅτ</span> <span class='ocrx_word' id='word_1_6' title='bbox 406 382 507 414; x_wconf 90' lang='lat' dir='ltr'>toto</span> <span class='ocrx_word' id='word_1_7' title='bbox 533 384 680 415; x_wconf 87' lang='lat' dir='ltr'>manet</span> <span class='ocrx_word' id='word_1_8' title='bbox 702 371 988 416; x_wconf 56' lang='lat' dir='ltr'>intractabilis</span> <span class='ocrx_word' id='word_1_9' title='bbox 1013 386 1131 416; x_wconf 84' lang='lat' dir='ltr'>anno</span> <span class='ocrx_word' id='word_1_10' title='bbox 1150 402 1167 422; x_wconf 90' lang='lat'>,</span> 
     </span>
     <span class='ocr_line' id='line_1_3' title="bbox 104 450 1190 511; baseline 0 -14"><span class='ocrx_word' id='word_1_11' title='bbox 104 450 315 498; x_wconf 60' lang='lat' dir='ltr'>&#39;Vertitur</span> <span class='ocrx_word' id='word_1_12' title='bbox 338 452 531 496; x_wconf 73' lang='lat' dir='ltr'>infraffls</span> <span class='ocrx_word' id='word_1_13' title='bbox 557 468 652 510; x_wconf 83' lang='lat' dir='ltr'>quae</span> <span class='ocrx_word' id='word_1_14' title='bbox 680 455 811 496; x_wconf 83' lang='lat' dir='ltr'>tellus</span> <span class='ocrx_word' id='word_1_15' title='bbox 830 453 1007 497; x_wconf 86' lang='lat' dir='ltr'>humida</span> <span class='ocrx_word' id='word_1_16' title='bbox 1033 452 1190 511; x_wconf 81' lang='lat' dir='ltr'><strong>glebis.</strong></span> 
     </span>
    </p>

    <p class='ocr_par' dir='ltr' id='par_1_3' title="bbox 114 534 1351 837">
     <span class='ocr_line' id='line_1_4' title="bbox 174 534 1278 592; baseline 0.001 -16"><span class='ocrx_word' id='word_1_17' title='bbox 174 534 224 576; x_wconf 78' lang='lat' dir='ltr'>Si</span> <span class='ocrx_word' id='word_1_18' title='bbox 250 534 430 590; x_wconf 86' lang='lat' dir='ltr'>pluvios</span> <span class='ocrx_word' id='word_1_19' title='bbox 459 534 654 577; x_wconf 85' lang='lat' dir='ltr'>cretosus</span> <span class='ocrx_word' id='word_1_20' title='bbox 680 549 782 592; x_wconf 85' lang='lat' dir='ltr'>ager</span> <span class='ocrx_word' id='word_1_21' title='bbox 804 534 887 577; x_wconf 84' lang='lat' dir='ltr'>vix</span> <span class='ocrx_word' id='word_1_22' title='bbox 913 534 1056 577; x_wconf 86' lang='lat' dir='ltr'>ebibat</span> <span class='ocrx_word' id='word_1_23' title='bbox 1087 534 1246 578; x_wconf 85' lang='lat' dir='ltr'>imbres</span> <span class='ocrx_word' id='word_1_24' title='bbox 1262 562 1278 584; x_wconf 79' lang='lat'><strong>.</strong></span> 
     </span>
     <span class='ocr_line' id='line_1_5' title="bbox 114 615 1270 673; baseline 0.002 -16"><span class='ocrx_word' id='word_1_25' title='bbox 114 615 236 658; x_wconf 84' lang='lat' dir='ltr'>Vere</span> <span class='ocrx_word' id='word_1_26' title='bbox 263 615 339 658; x_wconf 88' lang='lat' dir='ltr'>sub</span> <span class='ocrx_word' id='word_1_27' title='bbox 366 628 568 659; x_wconf 89' lang='lat' dir='ltr'>extremo</span> <span class='ocrx_word' id='word_1_28' title='bbox 595 617 683 673; x_wconf 86' lang='lat' dir='ltr'>jam</span> <span class='ocrx_word' id='word_1_29' title='bbox 712 618 844 660; x_wconf 84' lang='lat' dir='ltr'>ficcus</span> <span class='ocrx_word' id='word_1_30' title='bbox 871 616 1060 659; x_wconf 86' lang='lat' dir='ltr'>arabitur</span> <span class='ocrx_word' id='word_1_31' title='bbox 1076 647 1092 670; x_wconf 90' lang='lat'>,</span> <span class='ocrx_word' id='word_1_32' title='bbox 1116 617 1270 659; x_wconf 80' lang='lat' dir='ltr'>herbas</span> 
     </span>
     <span class='ocr_line' id='line_1_6' title="bbox 115 697 1351 757; baseline 0 -18"><span class='ocrx_word' id='word_1_33' title='bbox 115 697 266 752; x_wconf 85' lang='lat' dir='ltr'>Quum</span> <span class='ocrx_word' id='word_1_34' title='bbox 286 698 387 740; x_wconf 85' lang='lat' dir='ltr'>tulit</span> <span class='ocrx_word' id='word_1_35' title='bbox 406 697 584 750; x_wconf 72' lang='lat' dir='ltr'>injufl‘as</span> <span class='ocrx_word' id='word_1_36' title='bbox 603 732 619 751; x_wconf 74' lang='lat'>,</span> <span class='ocrx_word' id='word_1_37' title='bbox 637 713 820 757; x_wconf 85' lang='lat' dir='ltr'>quarum</span> <span class='ocrx_word' id='word_1_38' title='bbox 839 700 949 741; x_wconf 82' lang='lat' dir='ltr'>mala</span> <span class='ocrx_word' id='word_1_39' title='bbox 968 697 1131 741; x_wconf 81' lang='lat' dir='ltr'>semina</span> <span class='ocrx_word' id='word_1_40' title='bbox 1154 698 1351 740; x_wconf 80' lang='lat' dir='ltr'>nondum</span> 
     </span>
     <span class='ocr_line' id='line_1_7' title="bbox 115 776 1137 837; baseline 0.005 -17"><span class='ocrx_word' id='word_1_41' title='bbox 115 776 266 820; x_wconf 88' lang='lat' dir='ltr'>Meffis</span> <span class='ocrx_word' id='word_1_42' title='bbox 290 777 337 820; x_wconf 88' lang='lat' dir='ltr'>in</span> <span class='ocrx_word' id='word_1_43' title='bbox 359 778 547 821; x_wconf 84' lang='lat' dir='ltr'>exitium</span> <span class='ocrx_word' id='word_1_44' title='bbox 577 779 742 837; x_wconf 82' lang='lat' dir='ltr'>filiquis</span> <span class='ocrx_word' id='word_1_45' title='bbox 769 779 940 824; x_wconf 81' lang='lat' dir='ltr'>fluxere</span> <span class='ocrx_word' id='word_1_46' title='bbox 964 778 1137 825; x_wconf 65' lang='lat' dir='ltr'>solutls.</span> 
     </span>
    </p>

    <p class='ocr_par' dir='ltr' id='par_1_4' title="bbox 115 859 1349 1165">
     <span class='ocr_line' id='line_1_8' title="bbox 115 859 1349 918; baseline 0.001 -16"><span class='ocrx_word' id='word_1_47' title='bbox 115 859 212 902; x_wconf 83' lang='lat' dir='ltr'>Nec</span> <span class='ocrx_word' id='word_1_48' title='bbox 240 873 362 902; x_wconf 87' lang='lat' dir='ltr'>mora</span> <span class='ocrx_word' id='word_1_49' title='bbox 389 861 622 905; x_wconf 87' lang='lat' dir='ltr'>tranverfis</span> <span class='ocrx_word' id='word_1_50' title='bbox 654 861 817 906; x_wconf 86' lang='lat' dir='ltr'>iterum</span> <span class='ocrx_word' id='word_1_51' title='bbox 843 862 959 905; x_wconf 88' lang='lat' dir='ltr'>secet</span> <span class='ocrx_word' id='word_1_52' title='bbox 986 875 1162 918; x_wconf 81' lang='lat' dir='ltr'>aequora</span> <span class='ocrx_word' id='word_1_53' title='bbox 1187 859 1349 908; x_wconf 81' lang='lat' dir='ltr'>sulcis;</span> 
     </span>
     <span class='ocr_line' id='line_1_9' title="bbox 121 939 1175 1000; baseline 0.002 -18"><span class='ocrx_word' id='word_1_54' title='bbox 121 939 363 984; x_wconf 88' lang='lat' dir='ltr'>Pendentes</span> <span class='ocrx_word' id='word_1_55' title='bbox 386 943 538 985; x_wconf 84' lang='lat' dir='ltr'>eadem</span> <span class='ocrx_word' id='word_1_56' title='bbox 557 957 700 1000; x_wconf 87' lang='lat' dir='ltr'>neque</span> <span class='ocrx_word' id='word_1_57' title='bbox 725 957 803 1000; x_wconf 85' lang='lat' dir='ltr'>per</span> <span class='ocrx_word' id='word_1_58' title='bbox 829 941 1013 1000; x_wconf 83' lang='lat' dir='ltr'>vestigia</span> <span class='ocrx_word' id='word_1_59' title='bbox 1037 942 1175 984; x_wconf 77' lang='lat' dir='ltr'>colles</span> 
     </span>
     <span class='ocr_line' id='line_1_10' title="bbox 120 1020 1234 1081; baseline 0.001 -18"><span class='ocrx_word' id='word_1_60' title='bbox 120 1020 376 1080; x_wconf 82' lang='lat' dir='ltr'>Prosubigat</span> <span class='ocrx_word' id='word_1_61' title='bbox 395 1055 407 1075; x_wconf 85' lang='lat'>‚</span> <span class='ocrx_word' id='word_1_62' title='bbox 433 1023 505 1066; x_wconf 90' lang='lat' dir='ltr'>sed</span> <span class='ocrx_word' id='word_1_63' title='bbox 530 1023 621 1081; x_wconf 88' lang='lat' dir='ltr'>agri</span> <span class='ocrx_word' id='word_1_64' title='bbox 649 1037 766 1066; x_wconf 89' lang='lat' dir='ltr'>nunc</span> <span class='ocrx_word' id='word_1_65' title='bbox 791 1023 840 1065; x_wconf 90' lang='lat' dir='ltr'>in</span> <span class='ocrx_word' id='word_1_66' title='bbox 869 1021 1059 1065; x_wconf 81' lang='lat' dir='ltr'>declivia</span> <span class='ocrx_word' id='word_1_67' title='bbox 1085 1034 1234 1065; x_wconf 87' lang='lat' dir='ltr'>tauros</span> 
     </span>
     <span class='ocr_line' id='line_1_11' title="bbox 121 1101 1253 1165; baseline 0.002 -21"><span class='ocrx_word' id='word_1_68' title='bbox 121 1101 298 1160; x_wconf 82' lang='lat' dir='ltr'>Dirigat</span> <span class='ocrx_word' id='word_1_69' title='bbox 318 1136 332 1155; x_wconf 89' lang='lat'>‚</span> <span class='ocrx_word' id='word_1_70' title='bbox 362 1103 546 1165; x_wconf 87' lang='lat' dir='ltr'>obliquo</span> <span class='ocrx_word' id='word_1_71' title='bbox 574 1117 689 1146; x_wconf 89' lang='lat' dir='ltr'>nunc</span> <span class='ocrx_word' id='word_1_72' title='bbox 714 1117 859 1146; x_wconf 85' lang='lat' dir='ltr'>vertat</span> <span class='ocrx_word' id='word_1_73' title='bbox 884 1102 931 1145; x_wconf 88' lang='lat' dir='ltr'>in</span> <span class='ocrx_word' id='word_1_74' title='bbox 957 1104 1085 1146; x_wconf 86' lang='lat' dir='ltr'>ardua</span> <span class='ocrx_word' id='word_1_75' title='bbox 1114 1102 1253 1146; x_wconf 79' lang='lat' dir='ltr'>sulco.</span> 
     </span>
    </p>

    <p class='ocr_par' dir='ltr' id='par_1_5' title="bbox 122 1182 1328 1807">
     <span class='ocr_line' id='line_1_12' title="bbox 181 1182 1318 1242; baseline 0.002 -16"><span class='ocrx_word' id='word_1_76' title='bbox 181 1184 398 1242; x_wconf 80' lang='lat' dir='ltr'>Agricolae</span> <span class='ocrx_word' id='word_1_77' title='bbox 418 1198 604 1228; x_wconf 84' lang='lat' dir='ltr'>concors</span> <span class='ocrx_word' id='word_1_78' title='bbox 622 1185 744 1227; x_wconf 86' lang='lat' dir='ltr'>labor</span> <span class='ocrx_word' id='word_1_79' title='bbox 764 1184 823 1227; x_wconf 90' lang='lat' dir='ltr'>est</span> <span class='ocrx_word' id='word_1_80' title='bbox 843 1184 1087 1242; x_wconf 86' lang='lat' dir='ltr'>oviumque</span> <span class='ocrx_word' id='word_1_81' title='bbox 1108 1182 1318 1242; x_wconf 78' lang='lat' dir='ltr'>magistri:</span> 
     </span>
     <span class='ocr_line' id='line_1_13' title="bbox 122 1264 1264 1322; baseline 0 -15"><span class='ocrx_word' id='word_1_82' title='bbox 122 1264 177 1307; x_wconf 81' lang='lat' dir='ltr'>Et</span> <span class='ocrx_word' id='word_1_83' title='bbox 203 1264 407 1322; x_wconf 86' lang='lat' dir='ltr'>quamvis</span> <span class='ocrx_word' id='word_1_84' title='bbox 433 1264 566 1308; x_wconf 83' lang='lat' dir='ltr'>studia</span> <span class='ocrx_word' id='word_1_85' title='bbox 592 1265 639 1308; x_wconf 84' lang='lat' dir='ltr'>in</span> <span class='ocrx_word' id='word_1_86' title='bbox 664 1264 881 1308; x_wconf 83' lang='lat' dir='ltr'>contraria</span> <span class='ocrx_word' id='word_1_87' title='bbox 908 1265 1021 1321; x_wconf 82' lang='lat' dir='ltr'>saepe</span> <span class='ocrx_word' id='word_1_88' title='bbox 1047 1265 1264 1316; x_wconf 80' lang='lat' dir='ltr'>ferantur,</span> 
     </span>
     <span class='ocr_line' id='line_1_14' title="bbox 122 1345 1328 1404; baseline 0.002 -16"><span class='ocrx_word' id='word_1_89' title='bbox 122 1346 269 1402; x_wconf 80' lang='lat' dir='ltr'>Atque</span> <span class='ocrx_word' id='word_1_90' title='bbox 293 1345 510 1388; x_wconf 88' lang='lat' dir='ltr'>Bubulcus</span> <span class='ocrx_word' id='word_1_91' title='bbox 535 1358 651 1389; x_wconf 87' lang='lat' dir='ltr'>amet</span> <span class='ocrx_word' id='word_1_92' title='bbox 678 1359 812 1402; x_wconf 87' lang='lat' dir='ltr'>puros</span> <span class='ocrx_word' id='word_1_93' title='bbox 841 1345 863 1388; x_wconf 77' lang='lat' dir='ltr'>a</span> <span class='ocrx_word' id='word_1_94' title='bbox 890 1346 1086 1403; x_wconf 86' lang='lat' dir='ltr'>gramine</span> <span class='ocrx_word' id='word_1_95' title='bbox 1113 1360 1328 1404; x_wconf 85' lang='lat' dir='ltr'>campos,</span> 
     </span>
     <span class='ocr_line' id='line_1_15' title="bbox 122 1425 1240 1483; baseline 0.001 -14"><span class='ocrx_word' id='word_1_96' title='bbox 122 1425 409 1483; x_wconf 84' lang='lat' dir='ltr'>Hamatisque</span> <span class='ocrx_word' id='word_1_97' title='bbox 438 1426 554 1470; x_wconf 89' lang='lat' dir='ltr'>rubis</span> <span class='ocrx_word' id='word_1_98' title='bbox 580 1426 750 1483; x_wconf 85' lang='lat' dir='ltr'>fugiens</span> <span class='ocrx_word' id='word_1_99' title='bbox 776 1428 873 1470; x_wconf 88' lang='lat' dir='ltr'>loca</span> <span class='ocrx_word' id='word_1_100' title='bbox 900 1427 1065 1470; x_wconf 88' lang='lat' dir='ltr'>confita</span> <span class='ocrx_word' id='word_1_101' title='bbox 1093 1427 1240 1470; x_wconf 81' lang='lat' dir='ltr'>Pastor</span> 
     </span>
     <span class='ocr_line' id='line_1_16' title="bbox 125 1499 1221 1564; baseline -0.001 -13"><span class='ocrx_word' id='word_1_102' title='bbox 125 1499 351 1551; x_wconf 83' lang='lat' dir='ltr'>Herbosos</span> <span class='ocrx_word' id='word_1_103' title='bbox 377 1505 561 1549; x_wconf 59' lang='lat' dir='ltr'>sectetur</span> <span class='ocrx_word' id='word_1_104' title='bbox 589 1521 751 1564; x_wconf 76' lang='lat' dir='ltr'>agros3</span> <span class='ocrx_word' id='word_1_105' title='bbox 780 1508 991 1550; x_wconf 86' lang='lat' dir='ltr'>nonnulla</span> <span class='ocrx_word' id='word_1_106' title='bbox 1021 1509 1221 1551; x_wconf 85' lang='lat' dir='ltr'>laborum</span> 
     </span>
     <span class='ocr_line' id='line_1_17' title="bbox 125 1587 1245 1644; baseline 0.002 -14"><span class='ocrx_word' id='word_1_107' title='bbox 125 1588 180 1631; x_wconf 85' lang='lat' dir='ltr'>In</span> <span class='ocrx_word' id='word_1_108' title='bbox 204 1601 295 1630; x_wconf 86' lang='lat' dir='ltr'>tam</span> <span class='ocrx_word' id='word_1_109' title='bbox 320 1587 559 1644; x_wconf 83' lang='lat' dir='ltr'>disparibus</span> <span class='ocrx_word' id='word_1_110' title='bbox 586 1599 733 1630; x_wconf 85' lang='lat' dir='ltr'>tamen</span> <span class='ocrx_word' id='word_1_111' title='bbox 758 1587 818 1630; x_wconf 89' lang='lat' dir='ltr'>est</span> <span class='ocrx_word' id='word_1_112' title='bbox 846 1588 1080 1631; x_wconf 86' lang='lat' dir='ltr'>concordia</span> <span class='ocrx_word' id='word_1_113' title='bbox 1105 1588 1245 1632; x_wconf 78' lang='lat' dir='ltr'>votis.</span> 
     </span>
     <span class='ocr_line' id='line_1_18' title="bbox 126 1667 1292 1726; baseline 0.001 -15"><span class='ocrx_word' id='word_1_114' title='bbox 126 1670 252 1712; x_wconf 80' lang='lat' dir='ltr'>Alter</span> <span class='ocrx_word' id='word_1_115' title='bbox 276 1680 399 1717; x_wconf 78' lang='lat' dir='ltr'>arat3</span> <span class='ocrx_word' id='word_1_116' title='bbox 422 1669 685 1726; x_wconf 88' lang='lat' dir='ltr'>camposque</span> <span class='ocrx_word' id='word_1_117' title='bbox 710 1667 818 1712; x_wconf 88' lang='lat' dir='ltr'>fimo</span> <span class='ocrx_word' id='word_1_118' title='bbox 847 1668 971 1722; x_wconf 81' lang='lat' dir='ltr'>juvat</span> <span class='ocrx_word' id='word_1_119' title='bbox 989 1671 1096 1712; x_wconf 87' lang='lat' dir='ltr'>alter</span> <span class='ocrx_word' id='word_1_120' title='bbox 1115 1670 1292 1719; x_wconf 77' lang='lat' dir='ltr'>ovi1103</span> 
     </span>
     <span class='ocr_line' id='line_1_19' title="bbox 126 1748 1304 1807; baseline 0 -14"><span class='ocrx_word' id='word_1_121' title='bbox 126 1748 277 1793; x_wconf 86' lang='lat' dir='ltr'>Servit</span> <span class='ocrx_word' id='word_1_122' title='bbox 301 1763 407 1807; x_wconf 83' lang='lat' dir='ltr'>agro</span> <span class='ocrx_word' id='word_1_123' title='bbox 433 1763 567 1806; x_wconf 87' lang='lat' dir='ltr'>pecus</span> <span class='ocrx_word' id='word_1_124' title='bbox 586 1782 598 1801; x_wconf 90' lang='lat'>‚</span> <span class='ocrx_word' id='word_1_125' title='bbox 627 1751 670 1793; x_wconf 89' lang='lat'>&amp;</span> <span class='ocrx_word' id='word_1_126' title='bbox 693 1750 844 1807; x_wconf 86' lang='lat' dir='ltr'>pecori</span> <span class='ocrx_word' id='word_1_127' title='bbox 864 1752 935 1793; x_wconf 90' lang='lat' dir='ltr'>dat</span> <span class='ocrx_word' id='word_1_128' title='bbox 962 1751 1098 1794; x_wconf 86' lang='lat' dir='ltr'>molle</span> <span class='ocrx_word' id='word_1_129' title='bbox 1117 1749 1304 1795; x_wconf 73' lang='lat' dir='ltr'>viciffim</span> 
     </span>
    </p>
   </div>
   <div class='ocr_carea' id='block_1_3' title="bbox 127 1823 1448 1889">
    <p class='ocr_par' dir='ltr' id='par_1_6' title="bbox 127 1823 1448 1889">
     <span class='ocr_line' id='line_1_20' title="bbox 127 1823 1448 1889; baseline 0.002 -17"><span class='ocrx_word' id='word_1_130' title='bbox 127 1829 327 1873; x_wconf 84' lang='lat' dir='ltr'>Gramen</span> <span class='ocrx_word' id='word_1_131' title='bbox 346 1844 478 1887; x_wconf 73' lang='lat' dir='ltr'>aget-3</span> <span class='ocrx_word' id='word_1_132' title='bbox 509 1844 651 1886; x_wconf 87' lang='lat' dir='ltr'>neque</span> <span class='ocrx_word' id='word_1_133' title='bbox 683 1845 782 1873; x_wconf 85' lang='lat' dir='ltr'>rura</span> <span class='ocrx_word' id='word_1_134' title='bbox 811 1831 965 1889; x_wconf 85' lang='lat' dir='ltr'>vigent</span> <span class='ocrx_word' id='word_1_135' title='bbox 988 1823 1268 1887; x_wconf 66' lang='lat' dir='ltr'>arnientaque</span> <span class='ocrx_word' id='word_1_136' title='bbox 1286 1862 1299 1883; x_wconf 86' lang='lat'>,</span> <span class='ocrx_word' id='word_1_137' title='bbox 1331 1828 1448 1875; x_wconf 78' lang='lat' dir='ltr'>denfi</span> 
     </span>
    </p>
   </div>
   <div class='ocr_carea' id='block_1_4' title="bbox 129 1910 1366 2532">
    <p class='ocr_par' dir='ltr' id='par_1_7' title="bbox 129 1910 1366 2532">
     <span class='ocr_line' id='line_1_21' title="bbox 129 1910 1325 1975; baseline -0.003 -20"><span class='ocrx_word' id='word_1_138' title='bbox 129 1910 238 1955; x_wconf 84' lang='lat' dir='ltr'>Sive</span> <span class='ocrx_word' id='word_1_139' title='bbox 265 1910 609 1975; x_wconf 75' lang='lat' dir='ltr'>greges&#39;campis</span> <span class='ocrx_word' id='word_1_140' title='bbox 625 1942 638 1963; x_wconf 93' lang='lat'>‚</span> <span class='ocrx_word' id='word_1_141' title='bbox 663 1910 863 1968; x_wconf 85' lang='lat' dir='ltr'>gregibus</span> <span class='ocrx_word' id='word_1_142' title='bbox 890 1912 963 1953; x_wconf 88' lang='lat' dir='ltr'>seu</span> <span class='ocrx_word' id='word_1_143' title='bbox 990 1912 1147 1966; x_wconf 86' lang='lat' dir='ltr'>pascua</span> <span class='ocrx_word' id='word_1_144' title='bbox 1175 1911 1325 1952; x_wconf 76' lang='lat' dir='ltr'>defint.</span> 
     </span>
     <span class='ocr_line' id='line_1_22' title="bbox 191 1989 1366 2049; baseline -0.002 -14"><span class='ocrx_word' id='word_1_145' title='bbox 191 1991 440 2035; x_wconf 83' lang='lat' dir='ltr'>Romulidae</span> <span class='ocrx_word' id='word_1_146' title='bbox 458 1992 678 2049; x_wconf 87' lang='lat' dir='ltr'>quondam</span> <span class='ocrx_word' id='word_1_147' title='bbox 700 1991 908 2033; x_wconf 87' lang='lat' dir='ltr'>Proceres</span> <span class='ocrx_word' id='word_1_148' title='bbox 928 2005 1023 2046; x_wconf 53' lang='lat' dir='ltr'>que</span> <span class='ocrx_word' id='word_1_149' title='bbox 1041 1991 1215 2034; x_wconf 81' lang='lat' dir='ltr'>fortiter</span> <span class='ocrx_word' id='word_1_150' title='bbox 1233 1989 1366 2033; x_wconf 84' lang='lat' dir='ltr'>armis</span> 
     </span>
     <span class='ocr_line' id='line_1_23' title="bbox 131 2071 1186 2128; baseline -0.002 -12"><span class='ocrx_word' id='word_1_151' title='bbox 131 2073 403 2128; x_wconf 82' lang='lat' dir='ltr'>Quaefierant</span> <span class='ocrx_word' id='word_1_152' title='bbox 420 2105 434 2126; x_wconf 84' lang='lat'><strong>,</strong></span> <span class='ocrx_word' id='word_1_153' title='bbox 459 2072 539 2128; x_wconf 85' lang='lat' dir='ltr'>ipfi</span> <span class='ocrx_word' id='word_1_154' title='bbox 564 2071 817 2127; x_wconf 81' lang='lat' dir='ltr'>subigebant</span> <span class='ocrx_word' id='word_1_155' title='bbox 839 2085 943 2113; x_wconf 87' lang='lat' dir='ltr'>arva</span> <span class='ocrx_word' id='word_1_156' title='bbox 964 2087 975 2118; x_wconf 87' lang='lat'>·‚</span> <span class='ocrx_word' id='word_1_157' title='bbox 997 2071 1186 2114; x_wconf 87' lang='lat' dir='ltr'>colonos</span> 
     </span>
     <span class='ocr_line' id='line_1_24' title="bbox 132 2151 1231 2204; baseline -0.004 -6"><span class='ocrx_word' id='word_1_158' title='bbox 132 2156 229 2198; x_wconf 82' lang='lat' dir='ltr'>Nec</span> <span class='ocrx_word' id='word_1_159' title='bbox 251 2155 385 2198; x_wconf 86' lang='lat' dir='ltr'>semel</span> <span class='ocrx_word' id='word_1_160' title='bbox 410 2154 586 2197; x_wconf 87' lang='lat' dir='ltr'>avulsos</span> <span class='ocrx_word' id='word_1_161' title='bbox 612 2154 664 2196; x_wconf 86' lang='lat' dir='ltr'>ab</span> <span class='ocrx_word' id='word_1_162' title='bbox 691 2165 832 2195; x_wconf 83' lang='lat' dir='ltr'>aratro</span> <span class='ocrx_word' id='word_1_163' title='bbox 854 2153 996 2195; x_wconf 87' lang='lat' dir='ltr'>Roma</span> <span class='ocrx_word' id='word_1_164' title='bbox 1019 2151 1201 2194; x_wconf 86' lang='lat' dir='ltr'>vocavit</span> <span class='ocrx_word' id='word_1_165' title='bbox 1217 2183 1231 2204; x_wconf 88' lang='lat'>‚</span> 
     </span>
     <span class='ocr_line' id='line_1_25' title="bbox 133 2233 1323 2292; baseline -0.002 -14"><span class='ocrx_word' id='word_1_166' title='bbox 133 2234 340 2291; x_wconf 88' lang='lat' dir='ltr'>Imperiis</span> <span class='ocrx_word' id='word_1_167' title='bbox 367 2235 589 2292; x_wconf 86' lang='lat' dir='ltr'>gravidam</span> <span class='ocrx_word' id='word_1_168' title='bbox 614 2245 814 2291; x_wconf 83' lang='lat' dir='ltr'>regerent</span> <span class='ocrx_word' id='word_1_169' title='bbox 841 2233 917 2289; x_wconf 88' lang='lat' dir='ltr'>qui</span> <span class='ocrx_word' id='word_1_170' title='bbox 945 2234 1114 2289; x_wconf 81' lang='lat' dir='ltr'>leg1bus</span> <span class='ocrx_word' id='word_1_171' title='bbox 1139 2234 1289 2276; x_wconf 82' lang='lat' dir='ltr'>urbem</span> <span class='ocrx_word' id='word_1_172' title='bbox 1307 2263 1323 2286; x_wconf 83' lang='lat'><strong>,</strong></span> 
     </span>
     <span class='ocr_line' id='line_1_26' title="bbox 133 2314 1184 2372; baseline -0.005 -13"><span class='ocrx_word' id='word_1_173' title='bbox 133 2317 200 2359; x_wconf 84' lang='lat' dir='ltr'>Ae</span> <span class='ocrx_word' id='word_1_174' title='bbox 225 2314 377 2372; x_wconf 88' lang='lat' dir='ltr'>pofitis</span> <span class='ocrx_word' id='word_1_175' title='bbox 405 2316 564 2358; x_wconf 87' lang='lat' dir='ltr'>iterum</span> <span class='ocrx_word' id='word_1_176' title='bbox 589 2314 802 2356; x_wconf 83' lang='lat' dir='ltr'>sulcarent</span> <span class='ocrx_word' id='word_1_177' title='bbox 829 2314 1009 2355; x_wconf 86' lang='lat' dir='ltr'>fascibus</span> <span class='ocrx_word' id='word_1_178' title='bbox 1039 2327 1184 2369; x_wconf 84' lang='lat' dir='ltr'>agros.</span> 
     </span>
     <span class='ocr_line' id='line_1_27' title="bbox 134 2383 1262 2452; baseline 0 -14"><span class='ocrx_word' id='word_1_179' title='bbox 134 2396 418 2451; x_wconf 70' lang='lat' dir='ltr'>Snbdiderant</span> <span class='ocrx_word' id='word_1_180' title='bbox 446 2396 516 2439; x_wconf 87' lang='lat' dir='ltr'>cui</span> <span class='ocrx_word' id='word_1_181' title='bbox 545 2397 660 2439; x_wconf 90' lang='lat' dir='ltr'>colla</span> <span class='ocrx_word' id='word_1_182' title='bbox 687 2383 804 2437; x_wconf 76' lang='lat' dir='ltr'>Duci</span> <span class='ocrx_word' id='word_1_183' title='bbox 829 2393 1053 2436; x_wconf 73' lang='lat' dir='ltr'>famularia</span> <span class='ocrx_word' id='word_1_184' title='bbox 1077 2407 1229 2452; x_wconf 85' lang='lat' dir='ltr'>gentes</span> <span class='ocrx_word' id='word_1_185' title='bbox 1244 2423 1262 2447; x_wconf 78' lang='lat'><strong>.</strong></span> 
     </span>
     <span class='ocr_line' id='line_1_28' title="bbox 134 2473 1102 2532; baseline -0.004 -11"><span class='ocrx_word' id='word_1_186' title='bbox 134 2476 281 2522; x_wconf 78' lang='lat' dir='ltr'>Laetus</span> <span class='ocrx_word' id='word_1_187' title='bbox 306 2476 467 2520; x_wconf 78' lang='lat' dir='ltr'>aratori</span> <span class='ocrx_word' id='word_1_188' title='bbox 495 2488 642 2520; x_wconf 84' lang='lat' dir='ltr'>taurus</span> <span class='ocrx_word' id='word_1_189' title='bbox 669 2476 852 2532; x_wconf 83' lang='lat' dir='ltr'>parebat</span> <span class='ocrx_word' id='word_1_190' title='bbox 880 2473 1037 2519; x_wconf 76' lang='lat' dir='ltr'>ovanti</span> <span class='ocrx_word' id='word_1_191' title='bbox 1055 2489 1072 2524; x_wconf 86' lang='lat'>·,</span> <span class='ocrx_word' id='word_1_192' title='bbox 1100 2521 1102 2523; x_wconf 77' lang='lat'>.</span> 
     </span>
    </p>
   </div>
  </div>
 </body>
</html>
