1482 2834
460 245 764 304 LIBER
841 244 999 303 XV.
1056 233 1063 273 ³
1217 257 1326 322 353

98 342 328 391 Phoxinus
345 378 358 399 ,
380 346 424 390 &
440 347 580 391 rostro
603 347 767 391 fodicat
794 361 892 404 quae
912 346 1093 390 barbota
1115 343 1270 388 limum
1286 375 1303 398 ,

99 427 300 485 Lotaque
328 427 475 471 setoso
500 429 661 485 pendet
685 428 758 472 cui
786 428 963 471 barbula
987 437 1140 470 mento
1158 457 1171 478 ,

100 508 156 549 Et
185 508 359 565 squalus
373 539 387 561 ,
413 509 457 551 δί
480 521 595 550 ranae
620 507 732 551 τίἂιι
755 507 950 551 mustella
973 507 1158 564 superne

100 588 266 644 Turpis
282 621 295 642 ‚
317 588 365 631 in
383 589 618 647 anguillam
634 603 731 646 quae
750 589 905 633 definit
920 621 932 642 ‚
953 599 1083 644 atque
1100 578 1337 645 thymallus

101 666 259 711 Fontis
279 683 429 713 amans
442 703 455 722 ‚
475 669 751 726 referensque
771 668 918 726 thymi
935 668 1165 726 fragrantis
1186 669 1401 721 odorem,¹

101 748 158 790 Et
182 749 364 806 graciles
389 749 543 792 avidus
569 749 647 805 qui
673 748 808 806 gobio
834 748 980 792 sorbet
1004 761 1154 823 arenas
1171 781 1184 802 ‚

103 829 324 886 Percaque
349 828 508 874 duritie
537 829 680 872 carnis
709 841 923 887 gratoque
949 824 1103 886 sapore

104 909 358 966 AEquoreos
388 909 580 953 referens
605 909 767 952 mullos
795 925 807 954 ε
836 908 1071 966 capitoque
1097 909 1280 952 minutis
1314 933 1317 935 >

105 991 259 1033 Fartus
284 990 498 1039 aculeolis
516 1023 528 1042 ,
554 989 753 1047 ridiuque
778 989 931 1033 filurus
955 987 1128 1043 hianti,

79 1127 82 1130 ,
106 1071 162 1115 Et
189 1085 286 1129 quae
319 1084 436 1114 truta
462 1072 578 1114 foret
595 1103 608 1125 ,
637 1071 718 1114 nifi
746 1071 886 1115 rostro
918 1071 1115 1114 obtufior
1135 1104 1147 1123 ,
1176 1071 1343 1114 umbra.

169 1150 370 1208 Utraque
387 1150 533 1209 stagna
547 1153 706 1194 volens
722 1152 890 1195 habitat
901 1183 913 1203 ‚
937 1151 1192 1208 mensesque
1207 1166 1285 1208 per
1302 1164 1459 1196 omnes

107 1234 257 1276 Ubere
285 1231 497 1290 cyprinus
523 1231 737 1275 torrentia
764 1231 946 1274 flumina
970 1242 1099 1287 partu

107 1313 444 1370 Torpentesque
467 1313 588 1355 lacus
613 1313 871 1368 opulentat:
893 1311 1059 1368 Cypria
1080 1324 1245 1355 nomen

110 1397 220 1450 Quo
243 1393 400 1438 Venus
425 1393 518 1449 ipsa
545 1392 670 1435 suum
697 1406 780 1449 pro
808 1390 1246 1435 fertilitatis-honore

106 1474 328 1531 Imposuit
349 1489 364 1523 ·,
389 1486 562 1529 carpam
590 1470 913 1516 Gallivertere
938 1484 1167 1516 vocantes.

111 1555 362 1612 AEquoreos
388 1553 504 1596 inter
530 1566 624 1595 non
645 1551 816 1596 cautior
838 1552 1135 1610 altera·pisces
1154 1583 1168 1604 ,

66 1624 319 1680 ''Obsefl'as
345 1634 423 1677 ubi
449 1633 577 1677 senfit
604 1647 738 1691 aquas
754 1666 768 1687 ‚
796 1633 1070 1691 mediamque
1095 1635 1233 1679 teneri
1252 1634 1272 1688 ,“
1313 1657 1327 1663 —·

102 1719 246 1772 'Nunc
270 1713 464 1771 scopulis
488 1715 595 1757 lat'et
616 1713 755 1757 exesis
771 1746 785 1767 ,
809 1727 926 1758 nunc
947 1714 1129 1758 flumine
1149 1709 1321 1758 summo

116 1799 274 1841 Enatat
290 1829 302 1848 ‚
329 1808 460 1852 atque
483 1796 576 1839 levi
600 1795 855 1839 transmittit
878 1795 989 1839 retia
1015 1796 1154 1847 saltu;

118 1879 249 1920 Nunc
264 1876 340 1918 sub
358 1874 482 1932 aquis
502 1874 688 1919 immota
703 1889 883 1920 manens
900 1909 914 1929 ‚
932 1876 1008 1920 vel
1027 1877 1248 1922 mordicus
1263 1880 1441 1924 herbam

117 1956 216 1999 Ore
245 1966 367 1997 tenet
382 1987 395 2004 ‚
421 1955 669 1999 mersumve
692 1957 789 1999 luto
817 1967 947 2012 caput
971 1956 1125 2000 inserit
1150 1960 1235 2001 alte
1250 1992 1268 2012 ,

120 2037 315 2080 Invitam
341 2048 396 2078 ne
423 2034 512 2078 lina
539 2037 711 2080 trahant
737 2052 752 2086 ·‚
781 2037 825 2080 &
851 2037 965 2093 saepe
988 2037 1064 2080 sub
1091 2037 1194 2094 ipfis

122 2115 320 2160 Caffibus
346 2113 560 2159 effodiens
581 2148 594 2169 ,
619 2130 688 2160 res
713 2117 941 2160 observata
956 2150 969 2170 ‚
993 2102 1122 2161 saluti

123 2198 231 2240 Non
260 2207 430 2238 tantum
455 2207 582 2238 cavet
606 2194 699 2253 ipsa
723 2196 809 2239 suae
835 2211 850 2245 ·,
876 2197 950 2240 sed
974 2197 1084 2241 retia
1115 2200 1246 2244 dorso

127 2276 316 2321 Sustinet
334 2309 346 2328 ‚
375 2276 419 2319 &
447 2289 622 2334 captum
648 2278 810 2335 vuigus
837 2275 1038 2322 miserata
1054 2312 1066 2331 ,
1101 2282 1299 2336 patentes

130 2356 339 2399 Officiosa
365 2355 462 2399 vias
487 2357 657 2415 appetit
673 2389 687 2411 ,
713 2358 839 2415 queis
865 2359 990 2402 turba
1014 2372 1240 2404 natantum

129 2435 349 2495 Diffugiat
373 2436 521 2488 minor
538 2469 551 2493 ,
579 2438 624 2484 &
650 2437 784 2485 casses
808 2437 1030 2485 frm‘cretur
1054 2440 1227 2486 inanes.

1083 2521 1123 2568 Z
