1482 2834
503 278 803 339 'LIBER
866 282 1019 340 XV.
1097 289 1133 327 ὓ
1213 278 1340 357 ’337

105 378 395 426 ’(ἶοτιΓιωίΙεω
413 396 428 432 ;
445 381 663 441 piscisque
681 397 803 426 nova
823 382 901 426 sub
923 379 1113 440 imagine
1131 379 1307 425 servant
1317 384 1340 444 7*

106 461 270 506 Lucius
293 466 472 508 audaces
497 465 669 508 animos
697 466 742 508 δι
767 465 896 510 caedis
920 475 1115 508 amantes
1131 494 1146 516 ‚

107 542 333 600 Trutaque
356 544 587 588 foemineos
612 544 787 601 trepido
812 545 889 588 sub
914 545 1046 588 corde
1072 556 1279 599 pavores.

103 621 340 678 Purpureis
366 636 562 668 remanet
586 624 720 684 guttis
745 624 909 668 stellata
933 641 945 669 :
975 625 1161 668 decorus

104 702 327 761 Virgineo
352 705 471 749 sedet
495 720 572 749 ore
598 706 741 762 pudor
766 721 778 749 ε
804 705 883 748 stat
907 705 1046 763 gratia
1070 705 1252 756 vultsss3

105 783 309 842 Quaeque
333 786 418 829 fuit
446 785 587 830 socias
616 786 734 830 inter
764 786 1077 843 Pulcherrima
1090 786 1349 843 nymphas,⁴

105 865 237 909 Nunc
260 865 376 908 inter
400 865 596 922 reliquos
620 865 682 910 est
703 866 1008 910 formofiffima
1032 866 1190 924 pisces,

170 947 302 989 Caede
325 946 473 989 furens
498 961 591 990 non
617 962 731 992 unus
757 948 841 993 erit
865 949 943 1006 qui
969 947 1114 1008 stagna
1143 958 1346 993 cruentet

107 1027 271 1070 Lucius
302 1043 316 1077 3
338 1027 583 1072 amnicolas
610 1029 747 1087 agitat
771 1029 1004 1073 Discordia
1026 1030 1214 1086 frati-est

108 1110 234 1152 Alter
256 1109 306 1151 in
333 1109 511 1153 alterius
537 1110 774 1154 meditatur
797 1110 885 1153 fata
909 1124 1126 1168 perennes
1294 1164 1296 1166 Ι

107 1189 288 1233 Insidias
318 1205 330 1234 z
357 1190 519 1246 premit
544 1190 769 1235 imbellem
795 1190 872 1248 qui
896 1190 1065 1235 viribus
1090 1192 1261 1242 audax;
1284 1187 1287 1190 ’

108 1269 394 1328 Majoresque
413 1303 425 1324 ‚
449 1271 598 1314 virum
622 1273 674 1314 de
705 1286 831 1315 more
850 1304 863 1325 ‚
888 1271 1133 1316 minoribus
1159 1270 1321 1315 instant

120 1352 360 1396 Terribiles
388 1367 403 1400 ·‚
431 1353 476 1395 &
502 1367 598 1410 quae
623 1353 756 1396 saltus
782 1353 963 1407 infamat
993 1353 1036 1396 ὅ(
1058 1353 1214 1406 urbeS‚

113 1432 200 1476 vis
225 1434 376 1476 eadem
402 1432 647 1491 Martisque
670 1434 795 1478 furor
819 1433 1102 1477 dominantur
1119 1433 1168 1475 in
1186 1432 1314 1476 undis
1335 1447 1352 1478 ε

111 1514 210 1557 Nec
233 1513 381 1570 potuit
404 1515 521 1559 bona
547 1516 670 1568 Pax',
695 1514 823 1560 tertis
847 1514 983 1570 ejecta
999 1504 1115 1569 ‚sub
1142 1514 1245 1571 ipfis

114 1595 388 1640 Fluminibus
405 1628 418 1649 ‚
445 1596 641 1652 placidos
669 1595 785 1640 inter
808 1610 1034 1640 remanete
1058 1607 1277 1640 natantes-

115 1677 278 1720 Mutua
304 1677 378 1719 sed
405 1675 617 1733 quoniam
644 1676 777 1734 piscis
802 1691 881 1734 per
906 1678 1057 1721 funera
1081 1675 1222 1720 vitam

116 1758 306 1801 Sustinet
325 1790 338 1809 ,
361 1759 538 1801 alternae
564 1759 778 1801 nonnulla
803 1756 864 1800 est
889 1756 1027 1815 gratia
1051 1755 1199 1800 caet'lis.

180 1838 302 1894 Quid
322 1839 727 1883 memorem'clades
747 1838 852 1882 alias
872 1871 886 1891 ‚
909 1838 1066 1896 quibus
1085 1836 1219 1883 effera
1236 1823 1354 1881 lutra

117 1921 430 1978 Depopulatut
453 1933 602 1977 aquas.
626 1920 746 1964 Inter
771 1919 944 1964 saliceta
969 1931 1150 1976 penates

122 1999 332 2046 AEdificat
358 2013 499 2044 caecos
521 2015 537 2051 ·,
567 2001 611 2043 &
635 1999 787 2044 littore
811 1999 975 2057 speckat
1001 2001 1052 2044 ab
1081 2002 1174 2044 alto

125 2080 345 2139 AEquorei
370 2080 544 2138 pecoris
567 2082 696 2125 ludos
723 2082 767 2124 δι
796 2081 945 2138 praelia
961 2113 974 2134 ,
1000 2079 1110 2124 tristi

124 2165 238 2221 Quae
258 2162 427 2206 dirimit
445 2176 554 2206 nece
571 2162 813 2206 bellantum
836 2177 847 2204 :
868 2174 969 2204 nam
988 2160 1150 2204 saevior
1167 2159 1314 2207 hostes

123 2240 180 2291 In
203 2245 375 2288 medios
400 2242 533 2288 celeri
557 2243 647 2287 ruit
671 2242 913 2299 improvisa
939 2253 1106 2288 natatu.

125 2327 271 2372 Pauca
294 2324 399 2369 fami
420 2356 434 2379 ‚
449 2325 523 2370 sed
546 2337 640 2368 non
667 2323 783 2368 odiis
809 2337 1016 2380 caecoque
1039 2321 1181 2368 furori

125 2409 333 2465 Corpora
355 2404 572 2451 sufficiunt
595 2421 607 2449 t
634 2404 774 2462 pisces
800 2404 1013 2449 eviscerat
1036 2420 1050 2455 ;
1080 2416 1179 2450 atro

129 2488 352 2548 Sanguine
378 2487 607 2547 tinguntur
629 2484 820 2536 fluetuu
846 2485 1094 2543 semesaque
1122 2483 1273 2542 passim

1007 2565 1045 2610 Z
1074 2563 1130 2620 iij
