1482 2834
469 237 775 292 LIBER
835 233 1034 291 XVI.
1248 250 1354 309 393

126 338 261 382 Mane
288 336 403 396 petit
418 371 430 391 ‚
456 340 588 382 tellus
613 340 729 382 albet
755 339 858 380 dum
882 336 1051 380 roscida
1066 366 1080 387 ‚
1107 333 1258 378 saltus.

125 418 320 463 Praevius
345 419 384 462 it
408 421 513 463 loro
541 420 710 478 camlus
737 416 968 462 deviniffls
987 449 1002 471 ,
1028 414 1170 460 odor&

126 499 329 542 Rimetur
353 500 432 556 qui
459 513 562 544 nare
587 500 724 544 feram
746 514 762 549 ·,
789 499 835 542 &
857 497 1042 556 vestigia
1066 495 1219 541 naQus

125 581 258 623 Certa
282 581 444 637 pedum
460 613 473 634 ,
500 582 607 625 laeto
634 579 775 638 greffu
800 578 1022 642 caudaque
1051 574 1260 622 trementi

126 661 377 705 Admoneat
395 661 626 705 dominum
643 690 658 708 ,
678 675 823 718 neque
842 660 931 715 iam
951 658 1197 704 dubitanter
1216 658 1388 701 oberret
1402 688 1417 709 ,

129 742 389 798 Comprefl‘a
415 742 489 786 sed
511 726 628 786 vote
651 753 776 799 petat
800 740 972 784 ramosa
996 737 1176 783 latentis

129 823 265 867 Tecta
290 825 392 868 ferae
420 840 436 868 z
460 823 608 866 striato
627 821 840 879 reprimes
859 834 968 864 tunc
984 812 1088 864 susse
1107 816 1371 866 moloffum3

132 903 330 948 Ulterius
355 917 412 946 ne
436 904 593 946 tendat·
611 900 699 946 ster
719 917 734 952 ς
763 914 1036 959 cervumque
1061 900 1260 958 fugacem

125 985 335 1029 'Excutiat
359 983 537 1029 latebris
555 1016 569 1038 ‚
592 967 852 1041 vastumque
875 982 1072 1027 effundat
1098 980 1147 1024 in
1172 977 1342 1038 aequor.

129 1049 499 1124 Namquelevem
516 1076 650 1122 pavet
668 1065 720 1108 ad
737 1062 964 1120 strepitum
983 1077 998 1112 ·,
1018 1061 1261 1120 gnarusque
1279 1057 1433 1116 pericli

135 1148 339 1191 Membra
357 1159 460 1190 toro
479 1147 601 1189 levat
619 1160 634 1195 3
655 1157 786 1202 atque
808 1144 968 1187 oculos
991 1157 1016 1186 e
1035 1141 1195 1186 limine
1214 1140 1378 1184 circum

136 1227 339 1281 Coniicit
366 1242 380 1276 ;
407 1225 659 1282 arrefflique
683 1225 820 1268 sonos
845 1223 1077 1283 examinat
1093 1237 1213 1267 aure.

199 1308 454 1365 Ancipitem
480 1307 513 1350 fi
535 1307 652 1350 forte
667 1305 803 1349 vides
820 1338 832 1358 ,
860 1319 942 1348 nec
966 1318 1082 1348 vana
1109 1303 1342 1347 timentem
1362 1335 1379 1360 ‚

137 1391 257 1434 Falle
283 1390 389 1432 dolo
409 1404 425 1438 ·‚
444 1387 720 1445 tacitumque
741 1385 898 1441 jubens
919 1401 998 1443 per
1017 1386 1148 1430 densa
1166 1387 1306 1430 latere

141 1472 365 1516 Silvarum
387 1469 582 1528 virgulta
611 1482 761 1513 canem
781 1501 794 1522 ‚
822 1467 1015 1530 Pastoria
1041 1467 1172 1512 mitte
1200 1450 1210 1455 ν

141 1553 277 1597 Sibila
301 1567 316 1602 ;
341 1553 418 1596 vel
445 1551 601 1594 resona
625 1563 814 1607 quercus
840 1549 1002 1593 invade
1027 1549 1201 1604 securi,

141 1635 197 1678 Et
218 1633 522 1677 frondatorum
548 1631 754 1674 modulos
779 1628 955 1673 imitare
979 1630 1204 1679 canend03

144 1713 360 1770 Depofitfi
389 1712 539 1755 donec·
555 1710 694 1767 jaceat
718 1710 956 1756 formidine
981 1723 1140 1755 cervus
1158 1743 1173 1765 ,

147 1796 203 1838 Et
227 1806 424 1837 teneram
451 1791 531 1851 qui
558 1791 689 1836 noete
712 1806 852 1851 vagus
876 1790 1131 1850 depascitur
1149 1793 1325 1854 herbam
1344 1827 1357 1847 ,

149 1876 319 1920 Stratus
336 1874 463 1920 humi
479 1875 637 1919 somno
657 1875 730 1918 det
747 1873 949 1933 languida
969 1874 1163 1918 membra
1182 1874 1356 1920 diurno.

209 1958 280 2001 Ne
307 1956 450 2015 praedfi
479 1969 628 2001 tamen
654 1955 863 2001 incafl‘um
887 1958 1038 2000 laetere
1065 1957 1238 2014 reperta
1255 1991 1268 2010 ,

150 2039 281 2082 Haud
298 2039 453 2095 procul
471 2039 524 2082 ad
542 2039 738 2083 dextram
757 2037 936 2082 defleae
954 2053 968 2088 3
987 2039 1212 2095 feramque
1227 2039 1479 2099 relinquens

151 2120 204 2162 In
233 2119 382 2163 medio
400 2151 414 2172 ‚
438 2118 588 2176 spatiis
613 2117 779 2163 circum
804 2119 992 2176 procede
1017 2120 1246 2170 recurvis3

155 2199 340 2243 Cautius
366 2199 603 2243 observans
629 2199 777 2256 spreto
802 2214 908 2242 num
932 2201 1049 2244 forte
1075 2200 1210 2245 cubili

155 2283 331 2342 Fugerit
354 2282 460 2326 hinc
484 2279 574 2326 alib
591 2314 604 2335 ‚
633 2282 782 2339 pulsus
805 2281 1042 2326 formidine
1059 2316 1072 2337 ,
1097 2297 1271 2330 cervus.

160 2363 296 2417 Quod
321 2364 423 2406 dum
449 2375 551 2406 nare
581 2362 701 2406 canis
729 2361 990 2407 scrutabitur
1015 2378 1030 2414 ·,
1057 2362 1174 2411 inter
1202 2367 1392 2412 eundum

160 2443 389 2489 AEsculeos
414 2445 532 2489 ferro
558 2443 710 2502 paffim
736 2455 787 2489 tu
809 2443 947 2501 dejice
975 2459 1140 2496 ramos.
