1482 2834
130 196 251 268 '172'
378 189 715 248 PRAEDM
756 190 1119 250 Rus-flet

190 290 398 334 Proceras
420 291 613 347 spolient
636 306 789 336 moros
806 325 819 346 ‚
841 293 1107 351 provisaque
1122 291 1297 353 servent

125 372 217 414 Sub
241 371 367 416 testis
394 373 627 428 alimenta,
654 373 825 432 nigram
851 388 986 432 quum
1015 374 1187 418 denfior
1210 374 1284 419 aer

125 450 319 508 Cogitur
342 452 390 495 in
416 448 575 498 nubem
596 488 609 508 ‚
638 455 906 512 pluviosque
929 454 1154 512 recolligit
1178 455 1361 502 imbres-⁹

124 534 285 577 Sedula
309 535 563 579 bombicum
589 536 732 581 custos
758 551 1032 595 operumque
1057 536 1258 595 magistra

124 614 325 658 frondea
351 630 447 672 quae
477 618 630 661 saturis
657 618 874 675 dispensas
898 619 1056 675 pabula
1079 617 1237 661 meniis
1255 649 1270 670 ‚

123 693 375 739 Thisbaeam
400 711 456 740 ne
481 712 608 755 carpe
634 713 808 743 comam
825 733 837 753 ,
864 699 896 743 fi
920 698 1037 743 forte
1060 697 1284 753 madebit,

124 774 218 820 'Vel
243 778 471 822 matutinis
498 780 702 836 pallescet
729 780 874 824 adusta
897 779 1067 837 pruinis
1087 796 1099 824 ε

123 857 214 902 Sed
227 857 380 902 ficcam
403 860 680 919 viridemque
704 861 791 905 alia
814 863 968 919 procul
987 862 1141 906 arbore
1158 860 1363 905 frondem
1476 884 1482 936 3

126 938 253 980 Dum
278 951 450 997 repetas
471 956 485 990 ς
508 942 596 986 suis
620 943 805 1001 exiguas
835 945 887 986 de
913 955 1087 1000 tergore
1111 953 1260 999 partes
1480 942 1482 947 ’

127 1018 223 1062 Ure
248 1020 352 1064 foco
380 1035 395 1070 3
420 1020 665 1079 pinguique
693 1024 794 1066 leva
818 1022 982 1078 jejunia
1005 1023 1130 1068 fumo
1147 1055 1161 1077 ,

128 1099 319 1144 Occulte
343 1101 564 1146 medicans
582 1135 595 1156 ‚
623 1102 668 1146 ὅ(
693 1103 842 1146 nubila
866 1083 979 1147 test'a
1002 1117 1243 1160 vaporans.

192 1179 365 1235 Projice
383 1182 416 1224 fi
437 1196 520 1239 qua
538 1182 680 1237 jacent
699 1182 899 1226 defunCta
918 1183 1128 1229 cadavera
1146 1199 1160 1235 3
1178 1183 1405 1242 diramque

128 1260 356 1304 Anteveni
372 1293 386 1314 ‚
413 1261 629 1306 thalamos
653 1274 826 1308 mutans
857 1264 901 1307 &
922 1264 1125 1309 stramina
1142 1298 1156 1320 ,
1181 1266 1367 1312 cladem.

131 1341 340 1384 Arrosam
370 1341 545 1399 quoties
570 1343 772 1387 frondem
798 1341 1048 1402 dejectaque
1075 1344 1227 1390 mittes

131 1422 420 1481 Purgamenta
445 1423 543 1466 solo
565 1439 579 1474 ·,
602 1423 790 1468 viridem
815 1425 1076 1481 superinjice
1097 1436 1273 1470 morum
1290 1442 1304 1471 t

133 1504 183 1547 Si
207 1503 307 1562 quis
333 1503 453 1547 enim
482 1504 641 1548 solium
664 1505 830 1549 vermis
853 1507 962 1550 latet
985 1505 1100 1552 inter
1128 1507 1336 1560 adesum,=

132 1585 330 1643 Emergit
347 1584 594 1629 stimulante
621 1585 736 1630 fame
756 1601 771 1636 ·,
794 1601 1057 1644 morumque
1080 1598 1306 1631 recentem

133 1666 340 1723 Occupat
363 1682 379 1717 ·,
407 1667 450 1710 &
476 1667 633 1711 menfis
659 1681 759 1711 cum
781 1668 937 1712 fronde
962 1667 1194 1725 reponitur
1217 1666 1339 1712 altis-⁴

131 1749 281 1805 Atque
290 1747 364 1790 ubi
377 1746 464 1802 iam
473 1747 653 1791 brevior
663 1750 787 1792 locus
803 1748 862 1792 est
873 1781 885 1802 ‚
897 1750 1196 1806 populumque
1206 1748 1469 1806 frequentem

128 1827 231 1876 ,Vix
256 1827 372 1884 capit
398 1843 412 1877 ;
437 1827 486 1870 in
510 1828 655 1871 varias
678 1828 784 1871 hinc
808 1828 933 1872 illinc
955 1839 1052 1872 tota
1075 1829 1286 1873 cohortes

134 1908 262 1953 Gens
286 1907 489 1951 habitet:
517 1904 708 1965 primum
737 1909 814 1966 qui
842 1909 1043 1954 devicere
1067 1911 1276 1967 soporem

132 1989 366 2034 Bombices
390 1988 489 2032 aliis
517 1989 747 2042 thalamis,
773 1990 956 2047 aliisque
977 1993 1231 2035 recumbant
1474 1974 1482 2034 ⁸3.

132 2071 264 2125 Quos
289 2070 451 2113 iterum
469 2068 630 2126 premit
647 2070 730 2112 alta
747 2069 903 2127 quies:
925 2085 1038 2128 quos
1059 2071 1243 2115 ultimus
1262 2077 1390 2128 urget
1473 2042 1482 2121 l

134 2152 354 2204 Somnus,
369 2151 422 2193 ad
440 2160 657 2193 extremas
677 2152 826 2207 epulas
848 2165 1121 2210 operumque
1138 2153 1334 2196 laborem
1474 2142 1480 2152 ’

1477 1688 1482 1742 ι’

135 2232 337 2277 Invitans
364 2230 520 2275 resides
549 2231 663 2274 inter
687 2231 901 2275 sarmenta
928 2232 1126 2283 locabis;

137 2312 279 2367 Queis
307 2311 438 2354 saturi
462 2313 668 2368 adrepant
695 2312 738 2355 ὅ(
763 2311 838 2355 fila
861 2313 1064 2370 sequacia
1089 2316 1262 2360 ducant.

201 2396 370 2437 Caetera
396 2393 500 2436 dum
526 2392 647 2437 vires
672 2404 872 2450 reparant
901 2394 1107 2440 animalia
1122 2427 1135 2450 ,
1159 2393 1333 2440 noctem
