1500 2886
631 202 1031 261 Ltnnnla
1354 215 1478 279 ²3·

188 307 332 364 Queis
349 309 508 351 lateres
529 307 784 364 calcemque
801 318 984 364 coquas.
999 302 1091 349 Vel
1107 300 1248 348 fossile
1268 300 1402 347 terti}

189 388 368 432 Eruitur
387 420 402 441 ,
427 386 572 431 fluvio
600 389 677 431 vel
704 387 759 431 de
786 385 1002 444 propiore
1025 382 1216 442 petitum

187 469 434 512 Advehitur
451 467 649 526 plaustris
676 469 874 512 sabulum
893 484 906 512 ε
929 480 1027 525 quae
1049 466 1203 510 cundia
1222 463 1429 524 parabis,⁴

186 550 424 593 Nascentes
448 548 569 606 prius
594 548 809 606 incipiant
837 547 971 607 quam
998 548 1174 607 surgere
1198 546 1332 594 inuti.
1392 542 1398 546 ⁶

249 633 366 675 Saxa
382 630 557 673 trahant
582 629 721 674 fortes
739 630 923 674 hiberna
940 643 1020 687 per
1038 629 1132 673 otia
1159 627 1274 673 tauri
1288 644 1302 673 z

188 711 379 757 Plurima
401 710 566 755 vicinis
593 711 642 754 in
667 710 849 755 saltibus
873 711 960 755 icta
985 709 1129 754 securi

188 793 448 837 procumbat
464 793 692 848 platanus,
707 792 1028 848 metuendaque
1046 790 1242 847 pondere
1261 793 1483 847 quercusg

185 872 330 928 Atque
348 871 466 915 abies
494 885 630 928 opere
654 871 703 915 in
721 872 837 916 ficco
866 870 1072 915 durabilis
1091 904 1103 924 ‚
1129 872 1305 928 altaque

184 951 338 995 Ornus
355 985 368 1005 ‚
399 952 445 995 δε
474 951 681 996 indocilis
707 950 831 1010 fagus
856 964 1075 1010 compage
1099 951 1287 997 domari.

184 1032 401 1090 Populeas
419 1066 432 1086 ‚
457 1032 562 1076 luna
584 1031 675 1087 iam
700 1032 973 1076 decrescente
992 1064 1005 1086 ,
1031 1029 1215 1089 bipenni

186 1114 451 1172 Aggrediere
469 1115 610 1159 trabes
628 1129 642 1165 ;
660 1126 792 1173 atque
811 1116 941 1159 arbor
958 1116 1012 1159 ad
1029 1114 1166 1172 usque
1186 1115 1423 1160 medullam

185 1196 340 1248 Quum
364 1195 496 1239 fuerit
519 1194 661 1252 prope
685 1197 793 1240 caesa
810 1229 824 1250 ‚
851 1197 930 1240 suo
946 1196 1113 1254 patiere
1139 1191 1362 1241 minacem

167 1272 311 1319 'State
334 1278 439 1319 loco
466 1291 480 1326 3
505 1275 634 1320 venis
660 1287 710 1320 ut
735 1276 901 1321 noxius
929 1277 1093 1321 humor
1118 1278 1282 1334 apertis

184 1357 371 1401 Diffluat
396 1374 411 1407 ς
445 1358 488 1401 &
516 1360 664 1415 plures
690 1358 862 1417 lignum
886 1360 1093 1416 perduret
1121 1359 1170 1402 in
1198 1367 1359 1406 annos,

246 1439 425 1498 Pinguis
449 1439 525 1483 ubi
554 1440 677 1499 regio
704 1440 912 1484 ducendis
939 1441 1041 1483 saxa
1066 1441 1241 1499 negabit

183 1521 426 1566 Parietibus
446 1537 460 1571 3
485 1523 642 1565 lateres
665 1521 844 1579 Figulus
872 1534 1034 1579 coquat
1058 1523 1161 1581 igne
1177 1556 1189 1576 ,
1217 1535 1417 1569 tenacem

182 1603 406 1647 Effodiens
434 1615 595 1646 cretam
612 1636 624 1657 ‚
650 1601 786 1646 multa
816 1614 947 1659 quam
977 1611 1165 1646 maceret
1183 1596 1306 1648 ¹unda
1327 1638 1340 1659 ‚

181 1684 414 1741 Iliceisque
438 1685 579 1728 lutum
606 1684 762 1728 formis
788 1684 890 1727 dein
913 1686 1048 1727 molle
1072 1683 1264 1744 figurans
1282 1719 1297 1740 ,

183 1763 411 1809 AEthereas
437 1768 569 1822 plano
594 1766 723 1823 super
745 1774 922 1823 aequore
947 1766 1076 1810 siccet
1101 1768 1154 1810 ad
1178 1774 1322 1814 auras.

181 1845 472 1904 Aggrediatur
500 1859 612 1903 opus
630 1880 643 1900 ,
668 1849 743 1892 vel
768 1862 904 1905 quum
925 1847 1014 1903 jam
1031 1837 1226 1906 praeterit
1245 1846 1387 1895 AEstax

180 1927 333 1984 Usque
356 1928 432 1971 (ἰὼ
456 1929 669 1992 Autumni
693 1928 829 1974 finem
846 1963 859 1984 ‚
886 1931 961 1974 vel
986 1930 1130 1975 rursus
1161 1930 1322 1975 abaffls

92 2069 94 2072 y
179 2007 433 2065 Frigoribus
451 2042 463 2062 ‚
489 2023 625 2066 quum
655 2011 745 2054 Ver
770 2010 954 2068 zephiro
973 2012 1193 2055 laxaverit
1212 2016 1395 2060 annun!-

179 2089 286 2131 Non
309 2089 409 2132 satis
437 2090 621 2134 hiberno
653 2091 863 2136 ficcantur
891 2093 983 2136 sole
1001 2124 1014 2146 ,
1046 2091 1230 2151 figuram

180 2170 243 2212 Ut
272 2180 449 2213 teneant
474 2173 630 2215 lateres
657 2188 671 2222 ·,
699 2172 909 2230 rimisque
936 2172 1077 2217 aestate
1105 2173 1329 2222 fatiscunt.

241 2250 352 2293 Tres
381 2263 626 2308 quatuorve
651 2253 743 2297 dies
770 2253 935 2297 solidos
964 2254 1144 2301 calcaria
1169 2257 1330 2302 fornax

178 2333 285 2375 Non
310 2333 558 2379 intermistis
583 2335 835 2380 accenditur
858 2335 1033 2396 ignibus
1051 2370 1064 2392 ‚
1090 2338 1179 2382 ima

178 2413 370 2461 Diffiliat
395 2417 499 2460 dum
523 2428 646 2475 parte
674 2417 786 2475 lapis
804 2450 818 2474 ,
848 2416 1105 2477 famosaque
1134 2421 1272 2481 longo

1058 2499 1091 2543 B
1124 2500 1172 2544 iv
