1482 2834
450 256 757 314 LIBER
828 251 1034 311 XVI.
1226 249 1350 327 389·

102 355 307 415 Contege
332 357 488 402 fronde
507 357 599 402 levi
624 374 636 402 :
662 356 825 400 vinclis
848 355 929 399 stet
947 353 1155 398 mollibus
1175 365 1312 410 agnus

102 438 307 494 Desuper
331 439 558 494 evinctus,
589 438 768 497 querula
794 437 872 496 qui
894 449 1011 480 voce
1035 446 1266 492 parentem

103 518 278 562 Evocet
300 535 314 569 ·,
343 520 495 563 audito
519 531 729 577 properat
754 520 884 576 lupus
911 516 1054 561 acrior
1078 529 1196 573 agno
1213 546 1228 568 ,

103 599 160 642 Et
186 600 318 656 preda
342 600 587 644 stimulante
612 601 702 644 ruit
726 616 742 651 ·‚
771 587 1018 657 secumque*
1034 596 1251 655 fragosam
1267 625 1284 649 ‚

104 680 358 724 Subfidente
384 682 482 725 solo
499 713 511 734 ‚
539 680 712 726 deducit
735 682 789 725 ad
817 680 905 724 ima
932 678 1121 722 ruinam.

103 760 228 803 Dum
254 774 417 817 pavet,
446 762 491 804 &
517 761 650 804 tantis
677 760 762 818 qua
790 759 834 803 se
859 755 1238 843 rationewpericlis

105 841 321 897 Expediat
337 874 349 893 ,
377 841 521 884 secum
548 840 657 885 fofl‘a
686 841 923 885 meditatur
947 840 995 884 in
1019 840 1138 889 ima3

105 921 162 964 Et
180 920 399 978 trepidum
414 923 575 964 lacerat
590 952 603 974 ‚
623 934 704 981 nec
722 920 812 964 edit
830 901 960 964 famis
981 919 1218 963 immemor
1232 929 1392 977 agnum
1409 928 1427 968 ὅ

105 1001 505 1056 Demittessvalido
533 1001 782 1057 suspensam
805 999 911 1043 fune
929 1032 941 1052 ,
969 1013 1239 1058 gravemque

106 1082 328 1126 Roboreis
352 1095 531 1125 caveam
555 1080 733 1135 clathris
747 1112 761 1133 ‚
784 1094 915 1137 quam
939 1093 1067 1136 porta
1091 1081 1284 1123 recludat

107 1163 290 1207 Penfilis
318 1180 329 1208 ε
357 1162 511 1207 emiffo
539 1163 734 1220 lapidum
758 1161 1015 1218 perterritus
1041 1161 1207 1215 imbre,

106 1246 279 1302 Sponte
304 1245 378 1288 sua
406 1247 534 1301 lupus
562 1243 704 1300 iligno
729 1242 773 1286 se
798 1256 968 1285 carcere
995 1242 1191 1297 claudit·‚

109 1328 332 1384 Coeloque
360 1325 536 1370 eductus
554 1358 567 1378 ‚
597 1324 842 1368 revolubile
868 1338 1028 1381 corpus
1053 1324 1099 1367 in
1126 1324 1281 1367 orbem

107 1406 382 1466 Circumagit
398 1439 412 1460 ‚
434 1409 577 1460 lucem
596 1406 767 1464 fugiens
788 1406 1028 1463 oculosque
1049 1405 1298 1450 videntum.

107 1490 303 1533 Illudunt
330 1502 460 1546 capto
490 1489 647 1546 pueri,
673 1488 877 1545 vanaque
904 1499 1150 1532 tumentem

108 1570 132 1616 J
137 1584 207 1613 am
226 1570 343 1613 rabie
360 1603 372 1622 ‚
402 1570 445 1612 δι
464 1568 612 1613 stristo
633 1569 925 1627 nequicquam
946 1570 1075 1612 dente
1096 1568 1310 1612 minacem
1328 1576 1347 1622 ,'

108 1650 286 1709 Ingenti
310 1650 459 1693 vicina
483 1651 663 1694 trahunt
683 1663 767 1708 per
794 1649 990 1708 compita
1014 1649 1182 1707 plausu.

172 1733 429 1775 Venantum
455 1725 589 1774 locus¹
611 1730 823 1788 ingenuas
847 1730 917 1773 hic
940 1730 1010 1774 ire
1032 1744 1117 1787 per.
1135 1741 1248 1773 artes
1265 1761 1282 1783 ‚

110 1813 166 1857 Et
192 1815 368 1856 canibus
394 1813 579 1870 telisque
602 1813 725 1870 sequi
749 1827 887 1871 genus
917 1826 1051 1856 omne
1075 1813 1282 1856 ferarum.

112 1895 342 1938 Nobilium
367 1895 491 1938 labor
515 1894 591 1937 ille
614 1893 763 1938 virum
791 1893 851 1937 est
869 1926 880 1946 ‚
904 1892 1100 1951 bellique
1125 1891 1296 1939 cruenti

109 1977 257 2020 Dulce
281 1975 576 2018 rudimentum
601 1990 613 2018 ι
640 1972 824 2028 juvenes
852 1974 1044 2017 exercita
1067 1975 1195 2017 cursu

114 2059 317 2113 Corpora
341 2057 544 2099 venando
570 2056 726 2098 durant
750 2056 803 2098 ad
826 2054 963 2114 frigus
989 2055 1035 2098 δι
1058 2054 1230 2109 aestum,

112 2140 259 2182 Corda
279 2137 355 2181 fibi
377 2136 585 2196 generosa
603 2147 754 2193 parant
771 2169 783 2189 ‚
812 2136 1090 2194 animamque
1111 2146 1315 2193 capacem

114 2219 282 2264 Mortis
300 2252 312 2271 ,
341 2220 385 2263 δι
407 2231 634 2276 expertem
664 2217 805 2262 media
834 2218 948 2262 inter
976 2221 1070 2262 tela‘
1088 2217 1299 2275 pavorisz·

114 2300 331 2344 Exercent
358 2301 403 2344 &
424 2301 478 2345 ad
499 2314 615 2344 arma
638 2314 792 2344 manus
814 2315 828 2350 ·,
854 2299 1028 2358 astuque
1053 2300 1241 2344 ferarum

115 2383 181 2424 Ac
205 2395 437 2425 nemorum
463 2381 626 2425 infidiis
643 2414 656 2434 ,
686 2383 729 2425 &
754 2381 907 2426 bellica
932 2382 1045 2426 furta
1073 2383 1320 2439 docentur}

118 2460 397 2522 Hostilesque
422 2464 551 2509 dolos
578 2479 594 2512 z
617 2462 888 2510 domitorum
917 2462 1052 2521 strage
1080 2454 1288 2521 luporum

943 2543 976 2589 B
1001 2544 1028 2588 b
1058 2542 1114 2601 iij
