1482 2834
147 236 259 294 206
349 235 695 294 PRAEDH
744 232 1126 293 Rvsrtct

141 338 245 380 Non
263 336 365 381 satis
382 338 443 381 est
457 338 643 395 preffiffe
662 339 796 382 semel
813 354 824 382 z
841 338 908 382 bis
926 350 1082 395 terque
1101 335 1341 394 quaterque

138 417 378 461 Instaurant
404 433 518 476 opus
536 452 547 472 ‚
581 421 624 463 &
648 419 858 477 pinguem
882 420 935 462 de
958 419 1064 462 faece
1088 416 1309 475 liquorem

140 498 331 540 Eliciunt
348 500 507 543 iterum
527 512 659 558 atque
678 500 836 543 iterum
857 533 870 554 ,
900 499 1136 557 laticesque
1152 510 1370 555 reponunt

140 580 291 636 Usque
319 594 467 624 novos
496 597 508 626 ε
533 583 637 625 oleo
666 594 762 638 quae
789 579 979 635 subjacet
1002 581 1115 623 unda
1142 577 1339 631 natanti,

139 662 270 706 Haud
288 666 443 719 procul
459 663 563 706 hinc
580 663 627 706 in
645 664 760 706 labra
779 662 878 705 fluit
894 695 907 716 ,
932 660 1170 718 prunisque
1189 658 1370 716 tepescit

138 743 363 800 Appofitis
383 777 395 797 ,
419 757 468 787 ut
495 746 536 787 ὅτ
559 744 651 801 ipsa
676 743 799 800 quies
823 756 953 800 atque
978 741 1095 800 ignis
1119 740 1311 798 aquosos

137 826 385 882 Expediant
408 841 548 870 nexus
567 859 580 881 ,
607 827 843 882 oleumque
867 836 1022 882 tepore
1050 823 1292 868 resolvant.

197 907 415 951 Palladius
438 922 569 964 quem
593 907 733 964 tangit
755 907 902 951 honos
921 938 933 959 ,
958 904 1121 948 olearia
1141 915 1283 962 tergat

135 987 255 1032 Vasa
279 1003 441 1038 manu3
473 986 684 1044 testasque
707 986 838 1030 bibax
866 986 1052 1030 exficcet
1076 986 1251 1028 olentes

136 1069 332 1127 Spongia
355 1085 366 1112 :
396 1083 452 1111 ne
478 1069 614 1112 fundo
645 1082 741 1124 quae
770 1067 857 1111 faex
881 1065 1117 1111 suhsederit
1141 1065 1236 1110 imo

135 1150 349 1193 Nativum
375 1148 544 1191 inficiat
566 1147 710 1191 veteri
736 1161 917 1190 rancore
943 1146 1160 1202 saporem.

198 1232 284 1274 Sed
308 1245 405 1289 quae
433 1244 547 1274 vana
574 1243 684 1272 cano
708 1228 840 1272 vobis
867 1239 1082 1284 praecepta
1107 1224 1259 1270 coloni
1281 1227 1295 1271 1

136 1312 241 1355 Heu
263 1310 414 1368 patriae
438 1308 608 1353 telluris
634 1322 744 1365 opes
773 1311 784 1352 !
811 1308 898 1350 heu
922 1306 1098 1365 grandia
1122 1306 1295 1351 Divum

136 1393 328 1436 Munera
357 1395 366 1435 !
395 1390 544 1433 felices
571 1390 681 1431 oleae
698 1421 711 1441 ‚
742 1389 843 1430 dum
867 1387 965 1430 vita
990 1388 1193 1430 manebat
1215 1420 1231 1441 ,

132 1475 251 1529 'Quae
277 1471 431 1516 vestris
457 1468 638 1512 inimica
662 1469 756 1510 lues
782 1466 958 1510 decuffit
982 1468 1203 1510 honorem

134 1553 415 1599 Frondibus?
440 1551 483 1593 &
503 1562 682 1592 truncos
702 1546 799 1605 post
818 1549 962 1591 secula
979 1548 1098 1592 vicia
1116 1549 1337 1592 verendos

135 1636 234 1682 Jam
258 1633 382 1678 senio
399 1666 413 1687 ,
442 1631 592 1689 paucis
620 1645 741 1673 mors
767 1629 937 1673 abstulit
961 1641 1052 1672 atra
1076 1629 1263 1675 diebus?
1336 1651 1339 1654 ⁴

135 1715 184 1760 Ο
204 1716 365 1759 Blitera
387 1719 398 1760 !
421 1729 449 1757 o
468 1713 639 1757 Divum
660 1713 779 1755 sedes
801 1714 811 1755 Ξ
835 1711 933 1768 quis
954 1709 1339 1768 squalor-'amoenis

136 1798 377 1843 Arboribus
403 1796 625 1853 quondam
653 1792 834 1836 vestitos
860 1793 1025 1836 obfidet
1049 1806 1177 1850 agros
1198 1794 1216 1837 ἓ

136 1882 263 1924 Stant
287 1878 490 1936 equidem
518 1875 684 1931 campis
710 1877 849 1923 oleae3
877 1875 950 1918 sed
971 1886 1116 1918 morte
1140 1875 1306 1919 recenti

132 1963 332 2006 Horrent
357 1960 585 2003 indecores
603 1974 617 2007 ·,
637 1957 917 2014 nostrumque
943 1969 993 2000 ut
1013 1954 1109 2000 visa
1133 1959 1335 2001 dolorem

133 2043 291 2087 Acrius
320 2042 600 2086 exstimulent
615 2073 628 2094 ,
656 2040 767 2084 stant
791 2038 882 2083 fixa
907 2041 1114 2083 cadavera
1135 2040 1263 2084 terris
1281 2073 1296 2094 ,

134 2125 242 2179 Quo
261 2125 431 2181 periere
448 2124 529 2167 situ
551 2140 562 2168 :
581 2123 659 2166 stat
674 2123 792 2166 iners
810 2122 898 2167 fine
914 2122 1078 2166 cortice
1096 2135 1272 2166 truncus
1290 2138 1303 2167 t

135 2207 378 2250 Defluxere
404 2221 542 2250 comae
568 2204 733 2262 capiti·,
760 2206 1003 2262 nudataque
1028 2206 1147 2248 coelo

135 2287 316 2330 Brachia
340 2289 556 2330 tolluntur
576 2320 588 2339 ‚
615 2299 708 2329 non
731 2287 950 2342 placatura
973 2285 1222 2330 Tonantem
1237 2317 1253 2340 ,

135 2368 229 2422 Qui
253 2368 470 2426 desolatos
497 2367 621 2410 videt
645 2365 964 2410 immiserabilis
990 2381 1119 2425 agros
1142 2382 1153 2412 ε

135 2451 229 2494 Nec
240 2461 396 2496 movet
403 2450 538 2506 hunc,
547 2449 696 2505 functa
706 2445 804 2509 quae
813 2449 957 2495 subter
967 2462 1106 2496 matre
1114 2449 1338 2495 renascens
1349 2479 1364 2502 ,
