1482 2834
161 205 279 280 336
402 206 730 264 PRAEDII
769 206 1154 263 Rvsrtct

157 306 252 349 Nec
275 308 430 361 procul
448 319 652 351 excurrat
670 307 825 363 pluvia
852 307 1164 364 impendente,
1188 303 1264 356 vel
1284 305 1394 351 aede‘s

158 385 427 443 Praepetibus
453 401 623 445 repetat
650 389 810 446 pennis
837 405 851 438 ·,
881 389 1064 446 inopina
1092 387 1292 445 fugacem

158 461 286 524 S'aepe
315 479 465 511 tamen
490 469 635 524 subito
661 469 891 526 tempestas
919 481 1106 525 occupat
1133 469 1274 512 imbre
1291 500 1305 521 ,

158 547 228 602 Ad
252 559 413 592 terram
441 548 600 593 misere
627 549 827 607 affligens
852 565 866 599 ·,
895 549 973 593 ubi
997 548 1204 606 naufraga
1226 547 1366 592 vitam

159 629 398 672 Demersas
424 630 540 674 inter
570 631 736 688 segetes
765 630 928 674 amittit
952 631 1002 674 in
1024 629 1171 674 undis.

160 711 353 754 Fatalem
379 723 540 754 moeret
565 712 728 755 sortem
754 696 913 755 domus
939 710 1071 755 anxia
1099 726 1114 760 ·,
1144 709 1292 754 clauso

162 792 316 847 Quum
340 806 455 836 raras
483 794 537 835 ad
561 792 675 836 testa
699 791 822 836 videt
850 792 894 836 se
919 792 1096 836 reddere
1125 793 1264 835 coelo.

159 872 328 917 Felices
354 887 463 930 quas
486 873 601 916 forte
628 885 742 916 cavo
771 874 846 916 vel
874 873 1035 916 robore
1063 883 1248 929 quercus

161 953 341 1010 Excipit
367 965 441 996 aut
474 955 675 1009 platanus
706 952 1012 996 frondentibus
1040 951 1219 1008 hospita
1247 949 1399 996 ramis.
1428 960 1435 971 '

226 1035 351 1090 Saepe
381 1033 640 1090 migraturas
665 1032 870 1089 Apiarius
895 1033 988 1090 ipse
1013 1031 1170 1076 dolosa
1434 1011 1438 1021 Ι

162 1116 330 1160 Fraude
359 1125 550 1158 retentat
577 1127 681 1171 apes
701 1147 715 1169 ‚
739 1114 891 1172 spatiis
917 1096 1156 1166 majoribus
1182 1114 1296 1156 aedes

164 1194 451 1252 Amplificans
475 1211 487 1239 ε
519 1209 679 1238 vacuas
704 1195 824 1238 sedes
854 1194 994 1251 stupet
1019 1193 1157 1238 inscia
1182 1195 1339 1243 turba·,
1423 1203 1426 1206 ’

164 1278 220 1321 Et
238 1276 429 1319 subitum
449 1274 632 1318 miratur
661 1289 773 1332 opus
791 1291 805 1324 ·,
827 1274 1130 1333 juvenumque
1148 1287 1370 1320 catervam

166 1358 289 1401 Stare
317 1355 438 1411 jubet
466 1356 593 1398 Duce
619 1353 788 1398 sublata
809 1369 824 1404 ·,
856 1357 1102 1412 gaudetque
1125 1355 1297 1412 capacis

1428 1069 1435 1114 ἵ
1480 1069 1482 1127 ἰ

164 1439 286 1482 Intra
309 1438 430 1494 septa
449 1437 605 1480 domus
631 1435 753 1493 poss‘e
776 1436 933 1480 horrea
955 1438 1081 1493 plura
1098 1470 1110 1490 ,
1138 1437 1373 1495 novosque

164 1517 401 1564 AEdificare
426 1518 557 1560 favos
574 1549 587 1570 ,
614 1516 740 1573 quies
767 1518 886 1574 larga
910 1517 1070 1562 cibaria
1095 1519 1282 1562 condat:

164 1602 285 1644 Cura
307 1598 585 1642 laboriferam
608 1596 750 1654 tangit
770 1611 866 1654 quae
887 1597 1079 1641 maxima
1102 1611 1296 1657 gentem.

227 1682 322 1724 Nec
349 1680 483 1722 semel
507 1679 725 1722 ambrofio
745 1680 875 1722 cellas
897 1679 972 1722 ubi
997 1681 1128 1737 melle
1150 1683 1415 1742 replerunt,

164 1762 204 1805 E
229 1760 348 1804 silvis
375 1760 567 1816 erumpit
592 1774 723 1816 apum
748 1761 838 1803 fera
868 1761 990 1803 turba
1006 1793 1018 1814 ‚
1045 1761 1254 1818 domique

86 1905 88 1907 v
165 1840 407 1899 Congestas
431 1842 668 1897 populatur
692 1854 802 1896 opes
819 1873 832 1893 ‚
858 1853 988 1897 atque
1013 1841 1163 1884 omnia
1187 1841 1344 1886 vastat.

167 1924 284 1965 Nam
310 1920 452 1964 veluti
479 1920 624 1978 gelido
652 1922 873 1977 quondam
895 1922 1099 1965 fundebat
1124 1923 1177 1965 ab
1202 1935 1285 1966 axe

169 2004 354 2046 Barbara
379 2013 493 2045 terra
518 2004 644 2045 viros
671 2017 686 2051 ·,
715 2001 839 2059 queis
864 2002 1043 2061 longior
1070 2017 1208 2046 annus
1234 2002 1327 2060 agri
1372 2019 1374 2023 ’

170 2086 331 2127 Cultus
356 2095 448 2126 erat
464 2115 478 2136 ,
503 2082 736 2139 facilesque
759 2083 837 2126 fibi
862 2097 940 2139 per
963 2084 1077 2127 furta
1093 2116 1106 2136 ‚
1133 2084 1356 2142 scelusque,

170 2165 379 2219 Quaerere
406 2164 622 2206 malebant
646 2163 791 2220 fruges
819 2164 862 2206 &
885 2163 1041 2207 vivere
1067 2177 1226 2221 rapto·,

169 2243 460 2289 Praedabunda
488 2242 610 2286 cavis
639 2256 871 2285 nemorum
899 2243 956 2286 fic
985 2245 1228 2300 quercubus
1254 2244 1404 2288 adsunt
1458 2232 1460 2234 ’

172 2325 362 2383 Agmina
377 2357 390 2377 ,
419 2339 516 2382 quae
540 2325 684 2382 gentis
708 2323 914 2382 proprios
941 2325 1075 2368 exosa
1097 2326 1268 2369 labores
1286 2357 1299 2377 ,

173 2407 281 2451 Non
305 2420 423 2451 ceras
442 2437 455 2460 ,
479 2419 573 2450 non
597 2407 728 2451 mella
750 2405 887 2451 hiemi
913 2405 1094 2464 provisa
1121 2417 1372 2464 reponunt3

1236 2486 1405 2530 Horrea
1452 2502 1454 2504 ’
