1482 2834
494 234 801 289 Llssssn
846 226 1050 286 XVI.
1230 243 1372 304 ⁷379

132 324 382 375 Postremus
406 331 520 376 subit
535 365 548 386 ‚
578 333 623 375 δι
646 333 778 376 dorso
802 331 980 375 fulcitur
1007 327 1176 373 amico.

131 412 240 455 Non
265 413 407 456 oculis
433 426 592 457 terram
609 446 623 468 ,
644 425 756 457 noto
782 414 856 457 sed
874 413 1013 456 odore
1037 411 1278 467 sequuntur
1296 439 1311 461 ,

131 492 279 536 Ardua
304 508 389 551 pro
414 493 589 539 levibus
612 495 731 538 coelo
756 494 1058 538 stant'cornua
1080 490 1229 541 velis3

130 571 467 632 Remorumque
490 577 595 619 loco
620 573 803 632 pedibus
827 574 940 619 vada
967 573 1074 618 salsa
1098 571 1379 630 propulsantd

190 654 403 713 AEquales
428 656 673 714 opibusque
696 657 786 700 tuis
811 653 1056 713 animisque
1080 655 1252 698 labores

128 735 382 795 Aggredere
398 770 412 792 ,
441 739 486 783 &
513 738 658 783 solido
686 737 854 782 circum
875 739 959 781 duc
977 734 1152 780 moenia
1174 734 1315 783 saxo·‚

131 818 247 872 Quae
260 851 273 872 ,
300 819 332 862 fi
348 820 438 863 fam
452 819 595 865 finant
609 850 625 874 ‚
644 829 755 877 quot
771 818 921 862 honos
941 817 986 861 &
1002 805 1119 860 fania
1137 815 1378 858 manebunt

129 897 427 942 Lamonidum
451 899 642 944 totidem
666 899 778 944 stent
803 899 1074 956 incorrupta:
1080 911 1160 954 per
1182 910 1343 940 annos.

188 979 444 1030 Roboribus
469 981 587 1025 terra
612 981 717 1026 fixis
742 993 940 1025 extrema
965 979 1143 1024 viarum

125 1060 345 1105 claudere
371 1060 436 1104 nil
459 1060 666 1118 prohibet
691 1077 706 1112 3
730 1076 898 1107 vacuos
922 1072 973 1105 ut
997 1059 1110 1104 liber
1132 1059 1183 1104 in
1209 1070 1342 1118 agros

126 1141 338 1197 Captivis
365 1153 515 1197 pateat
539 1142 743 1201 gregibus
768 1141 1026 1200 prospectus
1048 1156 1064 1191 ς
1089 1140 1134 1186 &
1158 1140 1288 1186 ursos

126 1222 275 1279 Atque
302 1224 435 1279 lupos
463 1222 609 1267 avidis
634 1222 767 1280 poffit
794 1222 988 1279 spefflre
1016 1222 1167 1266 viator

124 1301 388 1346 Luminibus
404 1335 418 1357 ,
444 1303 597 1347 dentes
623 1300 705 1346 nec
727 1302 968 1346 formidare
994 1301 1212 1347 minacesi

127 1383 272 1426 Saxea
301 1382 492 1426 circuitu
515 1383 694 1442 surgent
721 1384 824 1427 dum
852 1382 1022 1426 moenia
1045 1385 1186 1443 longo
1202 1398 1220 1435 ;

123 1463 291 1520 Accipe
318 1464 418 1522 quis
446 1463 609 1508 melior
635 1463 864 1508 succedere
894 1464 1047 1521 debeat
1070 1464 1254 1521 hospes.

105 1529 113 1534 ¹
187 1546 306 1589 Ante
324 1545 438 1588 alios
455 1544 594 1588 aderit
610 1558 769 1588 cervus
787 1576 800 1597 ,
815 1558 947 1602 quem
964 1545 1147 1602 pulcher
1161 1547 1345 1590 adornet

126 1626 305 1670 Frontis
328 1626 477 1670 honos
495 1653 510 1675 ‚
534 1625 656 1671 oculi
678 1626 862 1684 grandes
880 1658 894 1678 ‚
921 1624 1058 1669 exilia
1082 1639 1206 1670 crura
1224 1659 1240 1681 ‚

126 1709 396 1764 Cornuaque
422 1707 470 1750 in
494 1709 643 1763 plures
668 1721 816 1752 ramos
843 1707 997 1751 diffusa
1020 1721 1035 1757 ς
1061 1709 1316 1766 pedumque

123 1789 360 1834 Mobilitas
377 1821 391 1841 ,
417 1790 583 1832 celeres
609 1788 761 1832 vincat
790 1802 888 1846 quae
920 1788 1120 1834 fulminis
1150 1791 1258 1849 alas.
1320 1830 1326 1833 .

188 1871 342 1925 Quum
361 1869 550 1927 reliquas
570 1870 735 1913 Natura
751 1871 864 1915 feras
882 1870 959 1912 vel
977 1870 1107 1913 dente
1118 1901 1132 1923 ,
1155 1871 1230 1914 vel
1251 1870 1340 1914 astu
1359 1903 1374 1924 ,

124 1950 350 1996 Cornibus
370 1962 446 1994 aut
471 1949 601 1994 saevis
618 1981 632 2003 ‚
648 1951 723 1993 vel
742 1950 912 1994 adunco
935 1948 1177 1993 armaverit
1195 1964 1341 2009 ungue
1359 1983 1373 2004 ,

126 2031 321 2089 Aligeris
348 2044 530 2075 cervum
558 2029 742 2087 pedibus
769 2029 957 2075 donavit
981 2029 1230 2081 inermem3

126 2113 262 2157 Plana
290 2112 448 2170 quibus
472 2111 646 2170 fugiens
669 2112 784 2169 rapit
808 2126 986 2169 aequora
1004 2143 1018 2166 ,
1044 2111 1176 2170 seque
1195 2112 1375 2169 periclis

127 2194 319 2251 Expedit
344 2208 359 2242 ;
387 2193 432 2237 ὅτ
453 2195 579 2238 lucos
605 2194 723 2238 inter
747 2209 804 2237 ne
830 2207 999 2238 cornua
1022 2193 1163 2237 densis

131 2275 342 2331 Implicet
365 2274 591 2318 arboribus
608 2306 622 2328 ,
653 2276 821 2319 collum
850 2273 1076 2330 resupinat
1099 2289 1115 2325 ς
1141 2272 1313 2333 iterque
1338 2318 1339 2321 ,

131 2356 297 2400 Tendit
320 2358 372 2400 ab
399 2356 595 2400 obscuris
625 2355 674 2399 in
700 2369 851 2414 aperta
879 2355 1060 2399 novalia
1084 2354 1223 2402 silvis.

192 2435 367 2496 Ignava
393 2450 530 2496 quum
547 2447 698 2496 torpet
721 2436 840 2483 iners
864 2436 1164 2500 pinguedine,
1182 2451 1374 2497 *campos
