1500 2886
84 305 156 379 36
334 306 668 362 PRAEDM
713 304 1077 362 Rvsrlcr

76 404 198 447 Idem
214 401 370 448 omnes
387 418 470 448 nos
494 405 640 449 sensus
656 405 811 459 habet,
832 394 968 463 quum
987 403 1163 463 grandia
1182 393 1402 462 quondam
1420 433 1433 455 ,

78 483 297 541 Viciaque
322 483 410 539 jam
434 485 553 529 ferro
570 517 582 539 ,
610 498 814 542 querceta
840 484 1029 540 jacentia
1055 468 1183 528 terris

77 564 326 621 Aspicimus
343 598 357 618 ,
381 566 644 622 frondesque
671 566 895 623 recisaque
918 566 1092 609 brachia
1116 577 1276 609 trunco

78 645 290 701 Sepofitis
315 647 478 702 pallere
503 645 616 689 locis
632 678 645 699 ,
670 644 946 702 flammisque
972 645 1131 702 parari.

79 727 182 770 Heu
203 730 213 771 !
243 739 430 783 quantus
449 740 631 770 nemore
653 726 807 770 avulso
832 727 966 769 decor
988 725 1154 769 excidit
1172 726 1317 771 arvis!

82 805 229 863 Quam
253 807 330 851 fibi
357 806 572 851 diffimilis
597 807 836 864 Campania
861 823 873 852 z
898 791 1024 851 rebus
1051 808 1100 850 in
1122 805 1252 849 arc'tis

79 888 317 946 Pauperies
339 903 498 947 urgens
520 904 615 946 quae
636 886 804 932 vastam
828 887 1080 931 exscindere
1105 887 1262 931 silvam

81 971 222 1014 Suasit
237 1003 250 1023 ,
281 971 326 1014 δι
348 971 397 1013 in
421 970 524 1013 belli
549 970 747 1027 sumptus
776 969 1029 1025 impendere
1057 967 1172 1012 ruris

82 1051 279 1097 Delicias
306 1066 321 1101 ·,
346 1052 498 1094 eadem
524 1050 665 1094 cultus
691 1047 871 1093 inimica
896 1046 1046 1092 decori

84 1132 223 1191 Cogit
245 1147 374 1191 agros
395 1131 561 1176 servire
580 1133 704 1174 lucro
727 1147 739 1175 ε
760 1144 862 1174 nam
879 1143 1045 1173 vomer
1059 1143 1219 1175 avarus

85 1214 291 1271 Antiquae
317 1213 473 1257 turrita
494 1211 652 1256 domus
678 1210 797 1257 nunc
825 1211 991 1256 moenia
1019 1211 1190 1269 pulsat·,

85 1295 139 1338 Et
160 1284 290 1354 'seges
315 1293 376 1338 est
392 1326 405 1346 ,
429 1294 504 1336 ubi
530 1293 575 1336 se
601 1292 848 1349 spe&abi1is
875 1293 1031 1336 ordine
1060 1291 1246 1350 pulchro

86 1376 271 1420 Fuderat
294 1378 516 1420 ulmorum
538 1374 670 1418 series
691 1390 706 1424 ·,
734 1374 998 1432 quaefitaque
1023 1375 1159 1434 longe

86 1455 245 1500 Rarior
268 1454 449 1499 AEstivis
477 1455 639 1499 emitur
662 1453 750 1509 jam
780 1449 952 1498 solibus>
972 1455 1144 1499 umbra.

151 1535 413 1593 Pampineas
438 1534 556 1579 vites
584 1535 700 1578 inter
722 1534 798 1578 via
825 1537 958 1592 longa
975 1566 987 1586 ‚
1014 1535 1218 1592 tegebant

91 1618 241 1673 Quam
264 1616 415 1673 pofitae
439 1616 660 1673 quondam
683 1614 835 1673 spatiis
858 1614 1096 1672 aequalibus
1122 1615 1266 1670 ulmi,

88 1696 271 1754 Cespite
296 1699 410 1740 nunc
434 1709 526 1739 uno
550 1695 670 1739 viret
685 1723 699 1744 ‚
727 1696 881 1738 arbore
904 1696 1019 1745 nuda
1041 1708 1057 1743 ·‚
1080 1696 1267 1754 soloque

93 1778 142 1823 Si
167 1779 266 1836 quis
294 1778 431 1821 adhuc
454 1777 533 1820 stat
559 1789 742 1820 truncus
763 1776 885 1822 ‘iners
907 1792 921 1827 ·,
941 1777 1162 1821 arbuscula
1182 1777 1284 1821 fatis

94 1859 143 1904 Si
169 1873 255 1917 qua
282 1859 431 1902 relicta
454 1858 541 1902 suis
567 1857 709 1901 oritur
724 1890 738 1911 ‚
762 1858 926 1914 premit
949 1872 1062 1915 aegra
1087 1859 1244 1903 dolore

95 1943 243 1986 eorda
257 1954 382 1984 novo
395 1973 408 1994 ‚
420 1953 592 1983 veteres
607 1943 822 1982 revocans
838 1938 1328 1996 spatiantibusumbrast

155 2023 264 2066 Non
277 2022 422 2066 buxos
439 2021 738 2079 humilemque
755 2034 918 2079 pyrum
937 2019 1116 2062 tonsura
1135 2020 1314 2064 coercet

96 2104 254 2146 Annua
271 2118 286 2152 ·,
308 2102 382 2145 sed
401 2101 502 2145 fufis
521 2101 609 2144 fine
627 2103 724 2159 lege
744 2115 822 2158 per
841 2101 938 2144 aeta
957 2099 1090 2143 ramis

96 2186 169 2229 Ire
195 2183 340 2227 finunt
364 2199 378 2234 3
401 2183 445 2226 &
470 2182 547 2239 qui
570 2181 701 2225 flores
729 2182 773 2224 &
797 2182 989 2224 oluscula
1018 2179 1148 2224 nobis

100 2263 347 2307 Sufficiebat
366 2296 378 2315 ,
405 2263 529 2320 equis
555 2276 671 2306 nunc
695 2263 859 2306 hordea
885 2261 1068 2318 parturit
1094 2263 1268 2322 hortus.

160 2343 295 2400 Repit
313 2376 325 2396 ,
351 2344 394 2386 &
419 2342 601 2401 ingenio
624 2341 712 2405 iam
735 2341 942 2385 liberiore
966 2355 1045 2397 per
1069 2355 1226 2384 omnes

101 2422 304 2484 Lympha
321 2435 504 2479 vagatur
527 2436 653 2480 agros
670 2404 799 2479 ,iquae
819 2420 955 2477 preffa
980 2420 1198 2467 canalibus
1218 2420 1331 2467 olim

100 2502 246 2569 Altius
269 2502 320 2549 in
347 2501 499 2549 varios‘
524 2503 669 2561 erupit
692 2501 854 2548 ludicra
876 2500 1044 2557 jastus:
1068 2550 1070 2552 ,
