1482 2834
124 274 248 360 386
376 277 702 334 PRAEDII
741 269 1120 325 Rvsrzct

123 379 379 436 Praecipitat
410 387 632 427 mortem,
659 371 777 417 fatis·
790 363 1126 412 dubitantibus·
1155 354 1301 413 ipsa-n!
1348 355 1358 391 ’ἱ

121 462 240 506 Nam
266 459 443 503 fortuna
468 458 580 500 solet
608 452 704 511 post
730 461 882 494 caetera
908 446 1064 489 tollere
1090 442 1305 483 mentem
1351 443 1359 458 ⁸

135 591 137 593 ,
186 543 346 585 Nu'llus
377 540 460 584 erit
488 537 662 581 nostros
694 533 771 591 qui
797 527 973 588 dignior
1002 523 1148 568 incola
1165 519 1308 561 saltus
1350 539 1355 542 -

125 623 333 680 Occupet
351 655 363 675 ‚
391 616 607 663 indomita
635 613 766 673 quam
793 611 871 668 qui
895 606 1069 652 cervice
1094 602 1317 656 'juvencus
1357 628 1362 634 .

127 705 278 752 Altior
304 700 547 760 ingreditur
575 698 704 740 silvas
722 726 736 747 ,
762 693 927 754 alterna
955 683 1143 741 superbo
1294 682 1297 684 ’

128 789 273 830 Crura
302 796 489 828 movens
519 779 626 824 fastu
643 809 656 830 ,
685 777 810 819 lucos
838 766 1078 826 mugitibus
1105 762 1222 804 imos

133 866 439 913 Terrificans3
458 863 501 906 &
520 857 659 903 adesse
676 867 896 903 monens,
914 847 988 892 cui
1004 845 1165 900 vulgus
1183 841 1367 882 inerme
1447 887 1449 890 Ι

132 949 302 1001 Cedat,
331 947 373 989 δι
399 940 613 998 obsequio
638 947 875 981 veneretur
906 925 1102 984 supplice
1131 932 1299 978 regem.

196 1028 391 1072 Saltibus
421 1038 444 1066 e
471 1019 625 1079 patriis
656 1029 788 1074 quem
810 1012 885 1056 vis
909 1011 1101 1053 humana
1124 998 1302 1045 revulsit
1318 1027 1334 1051 ,
1448 1005 1477 1064 3·

136 1107 334 1169 Agrestis
363 1104 573 1149 comitem
601 1099 707 1142 vitae
734 1094 990 1148 sociumque
1012 1088 1250 1131 laborum3
1415 1117 1417 1119 .
1451 1078 1482 1127 ἢ·

139 1189 355 1247 Hospitio
384 1195 622 1229 nemorum
648 1191 798 1222 taurus
823 1171 1024 1217 reddatur
1048 1166 1206 1217 avito,

137 1277 198 1323 Et
225 1270 421 1327 placidos
452 1263 589 1322 agitet
615 1256 851 1315 tranquilla
878 1268 957 1311 per
984 1249 1078 1294 otia
1107 1247 1254 1294 soles,

147 1351 452 1406 Immunisque
472 1355 689 1420 operum,
709 1337 862 1383 vacuis
879 1335 955 1377 vel
973 1327 1226 1374 obambulet
1241 1320 1391 1382 agrici

143 1433 370 1479 Gramina
395 1425 627 1484 depascens
652 1417 809 1478 pingui
833 1410 1069 1459 vernantia
1095 1418 1257 1475 prato·,

144 1517 241 1566 'Vel
267 1514 385 1556 satur
412 1504 620 1551 umbroso
647 1501 827 1544 salicum
848 1496 928 1539 sub
954 1489 1178 1549 tegmine,
1202 1483 1334 1529 molli

149 1598 305 1645 Fultus
321 1593 486 1641 hume,
506 1582 768 1643 procumbat
784 1578 934 1628 iners,
955 1573 1000 1616 δι
1014 1568 1206 1614 ruminet
1220 1565 1397 1610 hetbasg
1452 1545 1467 1587 f

213 1679 298 1721 Ille
324 1673 503 1731 quidem
525 1669 642 1714 Jove
667 1663 746 1707 sub
771 1660 892 1704 nudo
911 1650 1181 1713 pernostat3
1203 1648 1247 1691 &
1263 1645 1367 1690 altis
1457 1645 1462 1649 ’

156 1760 382 1806 Silvarum
406 1748 584 1796 latebris
608 1746 803 1789 hiemem
828 1735 1019 1783 defendit
1043 1731 1273 1790 aquosam.
1423 1724 1426 1727 ’

155 1843 268 1887 Non
295 1834 450 1880 saturis
474 1830 642 1874 habitat
667 1823 841 1868 stabulis
865 1837 877 1865 ι
903 1819 1061 1862 sudore
1085 1813 1311 1856 madentes

161 1923 299 1967 Nulla
322 1917 447 1962 fricat
474 1911 612 1956 costas
640 1919 794 1951 manus
821 1900 1014 1946 officiosa
1038 1893 1254 1939 Bubulcit

162 2004 251 2048 Sed
275 2010 418 2056 neque
444 1995 559 2038 colla
584 1989 691 2047 jugo
719 1987 967 2041 supponere
991 1976 1143 2035 cogit,
1165 1970 1331 2016 acerbis

164 2086 366 2141 Tergora
390 2089 472 2120 nec
499 2069 656 2116 stimui
647 2084 683 2111 is
709 2066 829 2117 urit,
857 2076 937 2106 nec
960 2058 1106 2114 stipite
1132 2064 1329 2112 querno

167 2164 374 2211 Membra
400 2158 533 2201 dolat.
560 2150 678 2195 Non
691 2149 821 2204 plena
845 2141 969 2186 domi
995 2135 1176 2187 senilia,
1200 2132 1306 2177 latis

169 2244 336 2290 Pascua
362 2240 436 2282 sed
462 2232 638 2283 fundis,
665 2229 810 2271 dulces
838 2223 886 2266 in
912 2218 1076 2276 cespite
1099 2212 1244 2259 somni
1260 2243 1276 2267 ,

174 2327 323 2371 Aurea
348 2320 559 2367 libertas,
586 2313 629 2356 &
657 2307 800 2353 nescia
824 2302 919 2346 vita
942 2301 1171 2343 laborum.

178 2406 293 2460 Quae
319 2402 462 2444 bonus
492 2393 667 2448 indulge
695 2382 991 2431 nemoralibus
1018 2378 1110 2423 otia
1138 2372 1293 2419 tauris.

179 2485 302 2534 Hinc
328 2476 471 2539 epulis
496 2472 668 2521 vitulos
684 2500 697 2524 ,
722 2468 860 2513 fortes
888 2464 941 2510 ad
966 2470 1106 2504 aratra
1128 2456 1345 2514 juvencos
