1482 2834
479 233 790 294 'LIBER
843 234 1037 292 XII.-
1243 251 1358 310 297

126 337 402 396 Obstupuere
424 335 584 383 breves
607 340 835 391 tenebras,
862 339 907 382 &
929 337 1036 381 solis
1061 335 1212 380 oborti

127 418 403 476 Praecipitem
419 451 432 472 ‚
459 421 577 478 gallo
601 432 695 463 non
721 421 1016 477 compellante
1033 451 1046 473 ‚
1072 418 1311 462 recursum.

188 500 366 544 Hordea
388 503 464 545 vel
487 501 663 545 milium
689 501 859 560 spargat
874 534 887 555 ,
908 484 1109 558 vilesque
1134 498 1344 544 minutim
1420 543 1423 546 .

127 580 295 625 Villica
320 581 507 626 lactucas
532 593 704 626 truncet
721 614 734 636 ,
760 582 989 640 caulesque
1012 580 1241 629 virentes·‚

127 659 456 721 Pennatamque
480 674 615 707 vocet
638 674 751 706 noto
778 664 972 706 clamore
995 662 1259 709 cohortem·‚

127 740 353 801 Plumiger
374 743 577 802 expansis
603 742 823 786 exercitus
850 741 991 785 affluit
1014 742 1124 800 alis:

127 824 224 868 Nec
241 825 363 868 secus
383 838 434 868 ac
462 823 653 868 Domini
674 805 809 882 quum
828 823 987 867 limina
1007 823 1148 880 prima
1170 821 1367 879 potentis

128 903 354 948 Obsedere
383 919 536 964 greges
562 905 751 963 inopum
768 939 781 959 ,
812 905 1068 963 sperataque
1093 903 1242 961 prodit

127 984 334 1042 Sportula
352 991 372 1036 ε’
391 986 638 1030 circumstat
660 986 818 1030 cubitis
849 988 972 1043 plebs
995 985 1174 1059 sordida!
1187 982 1334 1041 preffis
1352 1015 1367 1036 ,
1461 1003 1465 1008 -

128 1066 420 1124 Confusoque
443 1067 564 1111 fores
589 1066 772 1125 strepitu
788 1067 1081 1126 'precibusque
1105 1066 1274 1124 fatigat.

128 1145 203 1189 Sic
226 1146 301 1189 ubi
326 1149 403 1190 vel
431 1149 638 1192 Cererem
657 1180 669 1201 ,
696 1150 772 1193 vel
798 1149 994 1192 oluscula
1020 1160 1172 1193 trunca
1198 1146 1369 1194 refertis

121 1225 294 1273 :villica
313 1228 399 1272 fert
417 1229 599 1274 calathis
616 1246 631 1280 3
647 1229 811 1274 circum
829 1245 967 1290 genus
989 1244 1122 1274 omne
1137 1231 1373 1274 volantum

127 1307 261 1352 Irruit
286 1324 301 1358 3
326 1309 582 1367 ardentique
606 1310 747 1354 licent
771 1322 822 1354 ut
845 1313 971 1368 plura
998 1309 1192 1365 juventae
1211 1342 1222 1363 ,

127 1387 331 1432 Infiliunt
355 1389 528 1447 gremio
555 1389 696 1447 pulli,
718 1391 1005 1448 dextramque
1032 1403 1282 1434 morantem
1376 1408 1377 1411 ¹

130 1467 409 1523 Sollicitant,
438 1469 583 1527 plenis
609 1482 659 1514 ut
682 1472 841 1527 pabula
868 1473 986 1530 larga
1015 1471 1211 1515 canistris
1246 1499 1251 1504 -

129 1549 348 1606 Expediat
369 1566 381 1594 z
406 1549 511 1605 iacit
536 1550 612 1594 illa
637 1552 769 1609 dapes
790 1567 805 1602 ς
832 1566 916 1596 nec
941 1567 1057 1597 voce
1084 1565 1346 1612 querentum

133 1630 339 1686 Amplius
359 1662 372 1682 ‚
397 1643 441 1673 at
466 1632 620 1688 legulo
644 1634 879 1677 volucrum
906 1633 1059 1692 strepit
1079 1649 1178 1679 area
1196 1634 1355 1680 rostro.

197 1710 400 1754 Porticus
424 1710 601 1755 aestivos
627 1713 828 1757 defendat
856 1713 1038 1758 frondea
1066 1715 1181 1759 soles
1199 1748 1213 1769 ‚
1315 1761 1319 1765 ,

137 1792 456 1850 Aligerumque
484 1807 662 1852 gregem
690 1793 850 1850 pluvio
876 1806 1054 1839 tueatur
1079 1796 1130 1839 ab
1162 1779 1318 1840 imbre.

47 1893 54 1901 ·
140 1872 230 1916 Hic
255 1872 424 1917 cineres
450 1873 624 1917 affunde
643 1905 658 1928 ‚
683 1874 840 1932 quibus
866 1875 910 1918 se
937 1876 1038 1919 laeta
1061 1877 1240 1926 volutet

140 1953 362 1997 Pulvereo
390 1952 551 2012 gallina
576 1953 675 1997 solo
702 1969 715 1997 z
741 1954 793 1997 fit
823 1955 868 1998 δι
893 1954 1027 1998 obvia
1053 1957 1238 2013 lympha
1257 1988 1270 2009 ‚

140 2034 288 2088 Quam
317 2047 411 2077 non
434 2048 574 2091 prona
590 2034 716 2079 vadis
737 2035 811 2079 sed
836 2036 963 2079 tenso
993 2038 1045 2080 ad
1070 2037 1206 2080 fidera
1231 2038 1350 2081 collo

140 2113 375 2157 Haustibus
400 2114 598 2158 absorbet
624 2115 788 2160 crebris
814 2117 974 2175 gallina
1007 2132 1018 2160 :
1047 2117 1200 2161 foratis

140 2188 348 2239 Alveolis
374 2194 479 2238 hinc
503 2194 604 2238 inde
628 2194 782 2239 bibens
810 2209 940 2252 caput
965 2196 1126 2241 inserat
1151 2214 1162 2241 :
1191 2199 1283 2242 alvi

143 2274 376 2317 Proluvies
395 2273 607 2331 liquidam
633 2289 690 2319 ne
714 2276 831 2320 foeda
858 2276 1119 2335 coinquinet
1143 2281 1320 2340 undam.

205 2354 304 2398 Sint
329 2357 485 2411 procul
510 2370 536 2399 a
559 2356 750 2401 Domini
778 2357 906 2402 tectis
931 2358 1095 2403 aviaria
1122 2375 1135 2409 3
1166 2363 1279 2417 pulli

143 2435 239 2480 Nec
261 2435 443 2479 subeant
469 2435 603 2480 imam
628 2437 744 2481 nuda
775 2436 855 2481 nifi
883 2440 998 2495 pelle
1025 2440 1216 2484 culinam
1233 2475 1246 2495 ‚

148 2515 435 2576 Membraque
459 2516 649 2576 porcino
673 2517 821 2565 vestiti
846 2518 1030 2580 pinguia
1052 2522 1201 2568 lardo:
