1482 2834
121 223 238 300 384
339 222 687 279 Pla-EDJJ
731 220 1113 278 Rvsrzct

118 324 319 372 Pelliciet
343 338 355 367 :
380 337 483 368 nam
507 322 647 366 mirus
674 336 800 366 amor
823 318 1054 379 conjungit
1070 322 1325 375 utrumque:
1343 337 1363 349 ’ν
1425 310 1432 316 ’

119 407 359 451 Pascuntur
382 419 462 461 per
489 416 613 462 prata
639 404 765 447 fimul
793 418 807 453 ·,
835 402 962 445 fimul
991 401 1139 445 oscula
1167 399 1357 458 gaudent

121 488 311 544 Iungere
328 519 341 539 ‚
374 486 419 529 δι
442 485 636 529 herbosis
662 498 750 528 una
780 485 1003 527 colludere
1027 481 1213 539 campis.

121 566 346 613 Formosae
375 566 508 610 dorso
538 565 718 623 pecudis
749 563 986 608 formofior
1013 563 1105 606 ales

122 641 298 697 Iufilit3
325 659 400 691 aut
425 646 548 690 celsis
575 647 619 691 se
651 645 858 690 cornibus
884 643 1017 688 altior
1039 642 1184 687 effert.

185 729 309 772 Dum
335 726 486 784 potuit
507 726 661 785 fugiffe
685 725 834 771 virum
859 724 1082 770 consortia
1109 723 1298 783 perdix‚'

125 810 273 857 Novit
296 809 506 855 amicitiae
533 811 653 867 leges
681 809 725 852 &
749 807 865 850 sacra
892 805 1007 850 tueri

127 893 338 936 Foedera:
356 890 430 933 sed
447 888 619 933 nostros
633 922 646 942 ,
662 887 782 932 cicur
798 899 929 945 atque
947 884 1183 930 domestica
1196 917 1208 936 ,
1223 897 1377 929 mores

129 973 277 1016 Induit
301 986 352 1016 ac
376 971 546 1016 fraudes
573 986 588 1021 ς
617 971 660 1013 &
687 969 831 1012 amico
859 967 1026 1025 perfida
1053 979 1184 1011 cantu

130 1053 373 1111 Appofitos
395 1063 531 1095 vocat
556 1051 604 1094 in
630 1049 764 1095 caffes
783 1082 797 1104 ,
823 1051 867 1093 &
893 1049 1005 1093 fallit
1032 1060 1271 1092 amantem.

192 1137 274 1179 Ille
298 1134 375 1178 ubi
406 1145 559 1190 captus
585 1131 671 1177 erit
687 1165 702 1186 ,
729 1133 876 1189 plures
903 1131 952 1174 in
968 1130 1088 1174 retia
1116 1130 1269 1173 mittes

138 1218 383 1275 Capreolos
403 1248 416 1269 ‚
442 1215 597 1259 filvam
621 1212 787 1271 reperis
813 1212 846 1255 fi
872 1211 987 1255 forte
1011 1225 1090 1268 per
1115 1212 1251 1254 alram

136 1299 285 1344 Lustra
301 1331 315 1352 ‚
339 1297 500 1355 quibus
524 1296 683 1340 viduas
710 1293 898 1338 traducit
925 1292 1110 1336 foemina
1136 1291 1288 1335 noctes
1303 1305 1319 1336 ε

138 1382 342 1437 Namque
367 1378 480 1421 alios
507 1376 604 1434 post
630 1377 718 1420 fata
739 1374 830 1419 viri
855 1373 1089 1417 meditatur
1114 1385 1288 1415 amores
1305 1404 1319 1425 ‚

140 1464 236 1506 Nec
255 1460 450 1518 sequitur
465 1457 677 1515 desponsa
701 1470 886 1514 procum
906 1471 920 1505 ;
941 1455 1014 1498 sed
1027 1453 1195 1511 prae'via
1211 1452 1381 1497 blandis

142 1543 364 1588 Illecebris
389 1543 442 1584 ad
467 1554 604 1597 opaca
628 1552 762 1583 vocat
787 1538 943 1595 spelaea
959 1569 973 1589 ,
999 1535 1188 1592 suosque

143 1628 198 1670 In
224 1626 444 1668 thalamos
467 1622 600 1667 trahit
629 1636 644 1672 3
673 1623 717 1665 δι
747 1619 951 1678 quamvis
979 1619 1148 1675 sperata
1175 1613 1315 1658 dolofi

150 1705 325 1753 Gaudia
349 1703 607 1762 praeripiant
631 1701 793 1751 caffes3
813 1713 963 1743 tamen
991 1699 1127 1755 usque
1150 1697 1359 1740 volentes

140 1788 396 1846 capreolos
425 1785 515 1844 agit
539 1799 598 1828 ex
624 1784 723 1828 altis
750 1783 798 1826 in
825 1783 935 1827 retia
959 1780 1097 1824 filvis.
1154 1771 1157 1774 Α

149 1872 259 1914 Νοιι
282 1867 426 1911 Danai
451 1868 608 1910 domus
634 1863 868 1909 immaduit
894 1860 1113 1907 crudelius
1139 1858 1251 1903 olim

155 1953 286 1996 Caede
303 1949 450 1994 virum
468 1981 481 2002 ‚
501 1947 655 2005 caprea
676 1945 807 2003 quam
823 1944 1069 2001 decipiente
1086 1975 1100 1996 ‚
1119 1936 1362 1999 peremptis

157 2031 434 2090 Coniugibus
459 2030 652 2088 virgulta
675 2029 831 2071 rubent
846 2061 859 2080 ,
883 2027 925 2070 ὅ(
952 2025 1150 2082 pronuba
1181 2023 1333 2066 tellus.

219 2116 410 2158 Bubalus
435 2111 641 2169 inspestis
667 2110 744 2168 qui
766 2108 1050 2152 venatoribus
1076 2119 1227 2149 amens

162 2194 235 2238 Sic
262 2195 429 2247 latitat,
459 2205 590 2249 caput
613 2203 662 2234 ut
686 2189 830 2234 dumis
854 2187 1117 2232 silvestribus
1140 2199 1279 2229 unum

163 2277 429 2328 occultans,
460 2274 685 2317 laceranda
707 2270 820 2314 truci
847 2271 920 2314 det
945 2282 1066 2327 terga
1091 2264 1282 2310 moloffo
1298 2294 1315 2318 ‚

161 2358 344 2400 Venatu
364 2355 483 2399 facili
510 2354 735 2411 capietur:
770 2363 814 2394 at
839 2364 972 2393 omne
997 2361 1224 2405 caprarum
1244 2379 1258 2398 ‚

159 2438 301 2493 Quod
319 2435 508 2494 superest
523 2467 536 2490 ,
557 2433 747 2478 silvestre
766 2445 903 2490 genus
922 2463 933 2483 ,
958 2443 1179 2488 pygargus
1201 2428 1245 2469 &
1263 2425 1364 2467 ibex
1379 2428 1396 2475 ‚'

1164 2509 1396 2560 Damaque

1447 895 1480 1178 fw⁴3¹⁵⁴5z20¹
1445 822 1456 830 ι
1472 789 1478 799 .
