1482 2834
154 276 274 329 '1²12
404 267 740 331 PRAEDII
781 272 1146 330 Rvsrz'ct

155 373 335 416 Naturae
360 386 507 418 novus
527 374 576 419 in
593 387 766 433 partum
793 375 895 419 finit
919 375 1112 432 impetus
1132 387 1145 417 ε
1163 379 1300 433 agi-os

156 451 330 495 Affidua
353 455 523 499 versate
547 469 683 500 manu
704 472 715 501 ε
739 459 835 500 date
859 456 1025 499 semina
1048 454 1178 499 terris
1194 469 1211 504 ·,

154 533 328 576 Fronde
343 535 488 579 levate
503 549 658 580 nemus
676 551 690 587 ;
708 550 960 593 vanumque
976 535 1157 579 recidite
1173 536 1328 579 luxum
1343 549 1361 585 ⁸,

154 614 211 656 Et
235 615 399 659 teneris
422 614 510 671 iam
534 630 630 662 tum
655 618 788 662 ramis
814 617 1035 675 imponite
1062 630 1253 660 morem.
1311 635 1313 638 ·

155 697 271 740 Nam
295 711 438 755 neque
464 698 640 758 relligio
658 731 671 753 ,
699 714 782 744 nec
809 699 1092 758 quadraginta
1116 697 1289 741 dierum

159 778 373 835 (Ritibus
399 780 565 824 addixit
593 781 735 838 pietas
765 794 878 838 quos
907 779 1081 837 publica
1103 776 1272 832 sacris)

157 860 274 906 Jurass
286 873 593 913 vetant-terrae
621 876 744 905 curas
772 859 975 905 adhibere
1002 860 1215 903 colenda.

157 942 255 985 Nos
285 941 412 999 inopi
436 954 543 985 tunc
567 944 702 1000 longa
727 943 908 986 domant
933 940 1096 996 jejunia
1119 939 1263 985 vistu.

157 1023 267 1068 Haec
287 1036 464 1079 quoque
481 1022 533 1065 fit
550 1021 682 1066 vobis
699 1035 844 1078 poenae
862 1036 961 1078 pars
981 1035 1136 1080 magna
1155 1054 1168 1075 ‚
1189 1022 1365 1066 labores
1404 1057 1413 1060 -

159 1101 413 1147 Sustinuiffe
430 1117 602 1160 graves.
623 1103 682 1145 At
699 1101 775 1145 ubi
792 1102 1047 1145 celebranda
1063 1113 1288 1146 recurrent

158 1184 398 1233 Paschata;
426 1195 620 1226 terrenas
649 1183 767 1225 ultro
798 1180 1008 1238 deponite
1035 1195 1161 1225 curas
1182 1213 1196 1235 ,

161 1266 396 1310 Goelorum
415 1277 636 1306 memores
657 1279 668 1306 :
689 1260 860 1306 animus
881 1294 893 1316 ,
917 1275 1017 1319 pars
1037 1263 1207 1320 optima
1225 1261 1396 1319 nostri,>

159 1347 286 1390 Hanc
313 1345 468 1388 saltem
491 1343 617 1402 longi
643 1356 812 1401 partem
840 1343 919 1387 fibi
942 1343 1142 1389 vindicet
1167 1344 1294 1390 anni..

158 1429 224 1472 Ut
239 1427 430 1484 segetem
442 1425 588 1483 gravis
601 1425 734 1468 herba
749 1424 910 1481 premit
922 1439 935 1473 ·‚
947 1424 1228 1483 virgultaque
1243 1425 1416 1471 tonsas..

160 1508 427 1552 Deformant
445 1509 557 1550 male
576 1518 676 1550 nata
694 1520 832 1565 pyros
853 1521 867 1555 3
899 1516 949 1548 ut
966 1504 1145 1564 agrestia
1163 1507 1326 1564 longus
1413 1538 1420 1555 -,

160 1589 368 1646 Inquinat
387 1602 504 1632 arma
522 1587 625 1631 fitus
646 1604 658 1632 :
679 1586 832 1645 pejora
849 1585 1130 1645 sequentibus
1149 1585 1277 1630 instat

162 1670 237 1714 Sic
263 1669 421 1715 animis
448 1670 667 1728 purganda
691 1670 786 1712 lues
803 1701 817 1722 ,
841 1680 972 1725 atque
995 1667 1122 1711 inlita
1144 1667 1276 1712 rectis

162 1752 368 1796 Moribus
394 1750 652 1808 improbitas
669 1781 685 1804 ‚
711 1748 999 1806 redivivaque
1027 1741 1194 1792 semina
1215 1746 1326 1792 labis
1405 1752 1418 1796 ξ

161 1834 287 1879 Illius
303 1866 318 1885 .
347 1834 463 1876 'unde
490 1833 611 1889 seges
638 1844 757 1874 nova
785 1830 974 1887 pullulat
996 1829 1133 1886 usque
1158 1830 1416 1885 malorum&

164 1916 214 1960 Si
237 1915 378 1973 pietas
398 1947 414 1968 ‚
431 1914 476 1956 ·fi
502 1913 648 1956 sensus
675 1912 816 1962 inest;
842 1910 1081 1969 abstergere
1107 1909 1216 1954 fletu

163 1998 233 2041 Ne
252 1994 399 2054 pigeat
417 1995 606 2037 maculas
622 2025 635 2047 ‚
658 1993 755 2037 fuso
773 2006 879 2050 quas
894 1991 1104 2050 sanguine
1122 1990 1316 2036 Christus
1396 1997 1410 2005 ’“

166 2077 348 2125 Abluit;
373 2075 417 2119 δε
436 2074 624 2118 flammis
644 2087 737 2117 non
755 2075 1054 2117 devoveamus
1072 2072 1247 2116 avernis
1262 2104 1277 2126 ,

166 2159 314 2214 Quam
333 2155 499 2212 superis
518 2154 710 2198 animam
728 2154 923 2197 moriens
942 2155 1066 2197 Deus
1085 2152 1229 2197 affer-it
1247 2152 1366 2198 oris.⁴
1384 2137 1388 2141 ’
1407 2166 1411 2173 “

229 2241 384 2284 Sacros
409 2249 517 2293 ergo
546 2235 638 2278 dies
664 2234 763 2291 pius
791 2248 884 2277 aras
911 2247 1011 2278 ante
1029 2267 1041 2288 ,
1071 2233 1216 2278 silenti

169 2321 384 2364 Curatum
406 2315 587 2372 strepitu
603 2348 616 2368 ‚
647 2315 723 2359 sub
745 2314 923 2371 pectore
951 2314 1150 2359 Rusticus
1178 2316 1270 2359 alto

168 2398 404 2444 Praeteritae
429 2411 572 2440 noxas
596 2395 702 2441 vitae
729 2395 930 2452 labesque
954 2397 1194 2439 revolvens
1213 2426 1229 2447 ‚

167 2479 370 2528 Excutiat
393 2477 483 2525 sese
502 2510 517 2533 ,
544 2477 839 2535 scelerumque
866 2476 1275 2539 redarguat‘intus}
