1500 2886
41 293 57 306 .
111 262 214 341 ⁶:4²
356 262 692 318 PRAEDII
734 261 1106 320 Rvsr‘lcl
1176 278 1178 280 ·

174 361 416 406 conductis
442 363 607 420 segetes
624 362 783 419 ,operis
810 365 1012 421 oleaeque
1034 364 1235 422 legantur
1254 380 1271 416 3
1293 363 1314 389 ”

112 445 208 492 Nec
236 446 382 499 plures
407 444 515 487 alito
542 445 732 488 famulos
751 477 764 498 ,
795 444 927 502 quam
954 459 1059 488 rure
1079 446 1268 490 colendo

114 527 328 575 Exercet-e
354 538 499 582 potes.
526 528 594 570 Ne
620 527 817 583 partibus
844 527 992 590 aspera
1018 526 1144 570 factis
1189 560 1191 562 -

116 609 395 666 Consurgant
421 608 522 651 odia
540 642 553 662 ,
587 610 630 652 &
655 610 820 652 bellum
847 609 1039 660 servile;
1074 607 1252 666 quietos

115 690 239 748 Elige
256 722 270 743 ,
304 704 384 736 nec
410 691 556 746 plures
581 689 659 735 illa
685 691 738 734 de
762 702 891 748 gente
919 689 1142 732 ministros
1163 721 1177 743 ,

116 771 231 825 Quae
257 771 409 827 patriae
436 770 605 814 telluris
635 785 785 814 amans
812 771 1099 828 popularibus
1127 769 1229 813 unis

116 853 324 910 :iungitur
340 886 352 906 ,
378 867 427 896 ac
447 853 608 897 misero
627 886 639 906 ‚
665 853 847 910 reliquis
867 851 1048 896 inimica
1067 885 1080 906 ,
1106 851 1298 896 tumultu
1360 863 1362 865 ·

117 935 279 987 Miscet
302 934 398 978 heri
423 933 565 978 sciffas
592 934 752 978 animis
780 932 1051 978 discordibus
1077 934 1208 977 aedes.

106 1003 109 1006 ‚
147 1055 155 1063 ,
181 1015 373 1059 Servitia
392 1015 608 1072 exemplis
630 1017 857 1058 moderare
878 1030 892 1064 ·,
923 1004 1141 1072 magisque
1161 1013 1360 1055 silentem

120 1099 187 1142 Te
205 1096 359 1142 famuli
379 1109 574 1140 metuant
594 1129 611 1149 ,
641 1095 786 1139 rabida
806 1094 938 1153 quam
956 1109 1071 1139 voce
1091 1105 1324 1138 tonantem
1343 1106 1375 1141 ς

122 1181 443 1236 Crudelemque
471 1181 629 1222 domus
654 1192 749 1221 non
774 1177 976 1221 detestata
995 1209 1008 1230 ‚
1039 1176 1243 1220 severum

121 1261 156 1303 F
158 1259 346 1310 ormidet
359 1259 609 1303 Dominum
625 1292 638 1311 ,
661 1259 734 1302 sed
749 1270 864 1313 amet
881 1258 1020 1316 magis
1036 1271 1160 1314 aequa
1177 1255 1418 1310 jubentem·

183 1341 224 1382 A
240 1340 412 1383 famulis
431 1351 481 1382 ut
499 1353 643 1382 amere
663 1371 676 1391 ,
699 1342 779 1382 tuo
799 1338 917 1395 quafi
937 1337 1146 1396 sanguine
1166 1347 1294 1380 natos
1465 1320 1467 1322 .

124 1421 307 1479 Dilige3
338 1435 419 1464 nec
449 1419 564 1463 dulci
592 1420 739 1463 frauda
766 1420 963 1462 mercede
992 1435 1003 1462 :
1028 1417 1181 1461 fideles

126 1504 190 1547 Ut
213 1502 343 1546 facias
362 1535 374 1556 ‚
415 1501 588 1546 confide
614 1517 625 1544 :
651 1515 806 1543 manus
833 1501 886 1543 ad
914 1501 1028 1543 furta
1051 1513 1230 1555 rapaces

128 1584 313 1627 cautior
337 1582 498 1626 invitat
522 1580 681 1624 custos.
710 1581 854 1623 Herus
884 1579 1034 1623 omnia
1061 1578 1181 1625 norit
1202 1613 1215 1633 ,

128 1667 362 1721 Multaque
389 1661 652 1710 diffimulet3
679 1661 806 1704 sanos
834 1673 1036 1704 exerceat
1056 1693 1068 1714 ‚
1099 1675 1241 1719 aegros

133 1745 332 1790 Sollicite
351 1745 503 1788 foveat
521 1745 700 1787 servos:
725 1745 867 1799 placet
887 1743 1091 1786 omnibus
1113 1775 1125 1795 ,
1156 1741 1235 1784 uni

133 1827 361 1884 Quidquid
379 1826 479 1882 opis
504 1826 626 1867 datur
645 1824 842 1867 invalido
864 1840 877 1874 ·,
903 1824 1186 1881 stimulusque
1204 1822 1367 1867 laboris

133 1909 347 1966 Optimus
359 1907 419 1950 est
430 1920 552 1949 amor
563 1905 612 1948 in
623 1905 847 1947 Dominos
859 1903 1131 1960 studiumque
1147 1904 1364 1960 placendi.

194 1989 267 2032 Sic
285 2002 471 2045 puerum
490 1985 674 2029 instituit
693 1997 816 2041 pater
834 2000 848 2034 ·‚
871 1986 914 2027 &
931 1985 1214 2042 vergentibus
1235 1986 1364 2029 annis
1426 1978 1432 1983 ⁵

133 2073 185 2116 In
205 2069 374 2124 senium
394 2101 406 2121 ,
424 2069 569 2110 valeat
588 2079 846 2123 quamquam
867 2098 879 2117 ,
901 2079 981 2108 nec
1000 2065 1144 2122 segnis
1163 2065 1372 2122 inersque

136 2154 268 2196 Mens
284 2151 335 2193 fit
351 2151 403 2192 ad
418 2148 654 2204 imperium
667 2180 679 2200 ,
701 2161 781 2190 nec
797 2149 947 2189 dextra
964 2147 1181 2190 laboribus
1198 2148 1365 2204 impar,

134 2236 227 2291 Dat
245 2245 392 2274 tamen
413 2228 624 2287 agrestum
652 2240 756 2270 nato
776 2227 1075 2270 moderamina
1093 2242 1240 2271 rerum
1261 2243 1273 2271 ε

135 2316 201 2358 Ut
217 2327 348 2369 quem
366 2325 467 2354 cura
481 2321 627 2352 manet
644 2308 837 2364 rurisque
856 2308 1094 2364 domusque
1111 2309 1333 2366 regendae,

138 2393 348 2438 Consiliis
378 2393 479 2434 usus
511 2391 662 2448 patriis
681 2403 697 2442 ‚²
724 2390 937 2434 formetur
962 2391 1016 2432 ad
1040 2401 1153 2432 artes
1173 2422 1186 2443 ,

139 2476 260 2531 Quas
287 2472 362 2517 alii
385 2471 553 2517 discunt
578 2471 798 2529 peccando
823 2471 992 2520 multa3
1023 2469 1187 2531 quietis
1370 2511 1372 2513 .

1261 2549 1369 2592 Non
