1500 2886
122 253 238 313 '118
376 253 715 312 PRAEDII
757 254 1117 313 Rvsrtet
1184 299 1186 301 >

115 354 297 410 Quippe
321 353 424 396 viro
450 355 625 412 requies
653 367 840 415 operum
861 355 948 399 fuit
972 357 1105 400 altera
1129 355 1299 413 semper
1367 408 1369 410 ¹
1390 409 1396 413 ,

106 418 233 478 'Cura
254 435 482 492 novusque
502 437 625 479 labor
643 451 659 484 ·,
683 437 929 493 vacuasque
947 436 1188 483 forensibus
1207 438 1340 483 horas

115 516 286 560 'Litibus
314 519 540 561 Autumno
566 520 839 565 decorandos
866 518 1052 576 scriptor
1078 518 1126 562 in
1154 533 1283 577 agros

117 599 357 646 Contulit3
383 613 431 642 ut
457 602 602 657 legum
632 600 704 643 sua
732 601 808 657 qui
832 600 1039 644 fir-'enabat
1062 599 1244 643 habenis

116 677 337 733 Tempora
358 712 368 731 ‚
393 681 592 723 venturis
624 681 899 738 impenderet
924 682 1015 725 otia
1041 680 1184 724 sectis.

118 759 230 814 Quae
257 761 426 803 decreta
452 762 552 804 tuIit
572 763 701 806 Pater
725 762 922 819 optimus
940 795 953 813 ‚
974 762 1049 805 illa
1075 762 1260 804 Senatus

117 841 170 896 (J
177 840 312 884 udicii
338 842 573 896 normam)
601 841 679 886 fibi
704 843 851 886 servet
873 843 1097 895 habenda,
1123 841 1365 900 gravesque

118 922 405 968 Hac‚trutina
432 924 576 967 causas
606 924 649 966 δι
675 923 743 976 jus
771 925 996 967 examinet
1020 938 1212 981 anceps;

117 1004 299 1060 Nosque
320 1004 533 1048 Bavilleo
562 1019 669 1062 quas
698 1005 814 1048 idem
838 1020 937 1048 rure
961 985 1152 1049 serendis

118 1083 357 1127 Arboribus
385 1087 503 1142 leges
531 1086 657 1128 dabat
686 1086 730 1128 &
754 1098 1001 1142 pmcepra,
1026 1086 1274 1142 sequemur.

178 1164 355 1207 Nostras
383 1165 550 1210 interea
573 1181 681 1224 quas
708 1166 983 1223 praetermisit
1011 1166 1155 1210 olivas

118 1245 237 1290 Hinc
247 1260 400 1289 canere
413 1247 650 1304 aggrediar:
654 1261 799 1304 neque
810 1246 931 1290 enim
941 1246 1000 1290 est
1011 1261 1109 1304 quae
1122 1245 1281 1303 pallida
1295 1252 1497 1302 quamq.

121 1326 326 1369 Blandius
354 1326 573 1383 Agricolis
599 1328 728 1370 arbor
751 1326 968 1383 speetetur
992 1326 1169 1377 avaris;

121 1407 228 1450 Sive
258 1420 478 1458 racemato
506 1408 635 1451 faciat
660 1409 781 1464 spem
809 1407 950 1461 flore,
978 1409 1203 1466 nigrantes

123 1488 310 1546 Prodiga
337 1488 412 1532 seu
442 1490 532 1532 fetu
559 1490 812 1533 curvaverit
838 1491 969 1532 ubere
994 1504 1156 1534 ramos,
1203 1487 1205 1489 ¹

185 1569 276 1623 Qui
305 1569 477 1625 tepidos
504 1570 636 1613 exilis
662 1584 764 1627 ager
789 1570 1027 1614 conversus
1051 1571 1104 1615 ad
1128 1568 1308 1613 Austros
1420 1621 1423 1623 μ
1475 1623 1489 1637 ⁴.

121 1651 218 1695 Nec
245 1651 394 1693 sabulo
422 1665 565 1695 macer
584 1651 644 1694 est
662 1684 675 1703 ‚
701 1651 827 1708 gleba
855 1664 935 1694 nec
957 1650 1131 1709 pinguis
1152 1643 1302 1707 opima
1318 1680 1336 1703 ‚
1466 1654 1489 1723 75*

120 1733 204 1776 Ille
233 1732 354 1775 ferax
381 1733 577 1775 olearum
604 1748 615 1776 :
643 1731 768 1774 illum
796 1731 977 1774 concide
1003 1730 1170 1774 cavatis
1463 1724 1488 1806 {fi

122 1807 455 1856 Ante‘hiemem
481 1813 717 1856 scrobibus.
742 1812 910 1855 Vicino
937 1827 961 1855 e
987 1814 1100 1855 colle
1123 1809 1306 1867 petitam

95 1874 99 1877 .
128 1894 298 1949 Sponte
324 1893 398 1936 sua
425 1893 546 1937 dabit
571 1894 662 1950 ipsa
687 1908 844 1950 parens
873 1893 919 1936 in
945 1892 1108 1936 semina
1132 1893 1338 1948 prolem,

126 1974 239 2029 Quae
266 1975 441 2018 fruticat
467 1974 615 2031 paffim
642 1975 718 2018 sub
747 1974 886 2017 amica
911 1972 1059 2027 junior
1083 1973 1264 2022 umbra;

124 2055 180 2097 Et
210 2068 404 2098 teneram
432 2056 573 2098 radice
601 2055 678 2098 sua
703 2055 871 2098 dotabit
897 2055 1080 2098 olivam.

191 2135 321 2178 Parce
351 2136 591 2179 senescenti
618 2148 806 2178 matrum
833 2137 886 2178 de
912 2149 1098 2191 corpore
1123 2136 1293 2191 plantas

126 2215 307 2259 Tollere
334 2232 345 2259 ε
371 2219 627 2274 longaevum
651 2229 786 2260 vexat
815 2216 939 2273 stirps
968 2229 1091 2260 eruta
1117 2228 1340 2260 truncum.

128 2296 294 2338 Enatos
323 2296 470 2351 primo
495 2298 674 2342 frutices
705 2299 911 2341 corrodat
937 2298 983 2340 in
1009 2311 1111 2341 ortu

131 2376 257 2419 Grex
283 2377 436 2419 ovium
466 2393 479 2426 ·,
507 2378 755 2430 sobolinifi
779 2379 893 2422 forte
918 2379 1104 2435 placebit
1132 2379 1337 2423 habendae

127 2456 374 2502 Devoviffe
400 2460 544 2503 oleam
571 2472 770 2505 veterem
795 2475 810 2512 ·‚
836 2471 1080 2517 truncoque
1105 2459 1244 2504 reciso
