1500 2886
94 264 174 315 ἰο
342 257 677 316 PRAEDIJ
721 262 1083 321 Rvsrtct

93 377 208 420 Erue
228 394 239 420 e
260 392 363 421 nam
383 380 524 423 veluti
543 413 554 434 ‚
583 381 738 438 quibus
760 381 820 425 est
838 383 1033 427 obnoxia
1050 415 1064 438 ,
1082 373 1262 428 morbos

93 458 227 516 AEgra
247 474 404 515 parens
423 475 522 504 cum
548 461 657 504 laete
677 462 764 505 suis
783 463 1038 506 transmittit
1056 464 1244 507 alumnis
1259 479 1277 514 ⁶,

95 539 168 582 Sic
185 541 343 583 humus
361 541 555 598 ingratos
573 556 664 585 non
680 556 905 598 nunquam
925 543 1118 600 exspirat
1133 544 1293 588 odores
1309 574 1325 596 ,

95 619 224 673 Quos
249 622 440 665 referunt
465 622 574 664 tristi
593 623 737 680 fruges
760 624 803 665 δι
827 637 958 678 poma
978 624 1147 680 sapore.
1266 623 1269 625 ’

156 701 320 744 Praedia
337 717 416 746 nec
435 702 582 746 ventis
603 717 683 745 nec
701 702 1025 759 tempestatibus
1044 703 1198 747 iisdem

94 782 285 824 Subdere
307 785 431 838 plura
449 784 584 826 velim
607 799 619 826 z
640 784 796 826 fundos
815 783 846 825 fi
866 782 1046 841 jungere
1063 785 1295 841 pulchrum
1315 788 1332 840 ζ

94 862 267 906 Rustica
286 865 495 908 damnose
515 865 612 908 casu
631 879 699 908 res
721 863 868 908 omnis
886 867 938 908 ab
956 879 1048 909 uno

94 943 260 987 Pendet
278 961 292 994 3
321 946 363 988 &
382 945 598 988 interdum
618 946 808 989 Domini
826 946 1000 991 variare
1021 980 1033 1000 ‚
1054 961 1267 1004 novoque

95 1025 252 1069 Diffita
273 1027 346 1069 sub
369 1030 486 1070 coelo
509 1030 694 1085 gaudent
712 1030 809 1070 loca
828 1028 971 1071 visere
988 1060 1000 1081 ‚
1026 1029 1151 1072 tritas

94 1107 165 1150 Ire
185 1120 265 1150 nec
283 1109 419 1165 usque
438 1108 534 1151 vias
556 1141 567 1160 ‚
596 1109 638 1150 ὃ(
660 1110 836 1151 eosdem
858 1123 1035 1152 cernere
1055 1111 1208 1155 colles.

158 1189 282 1246 Elige
299 1189 479 1232 vicinos
501 1189 672 1248 magnis
692 1202 766 1232 aut
784 1189 959 1232 urbibus
982 1204 1110 1248 agros

97 1270 187 1312 Aut
207 1270 355 1327 grandi
376 1284 488 1326 pago
508 1302 520 1322 ‚
536 1272 610 1313 vel
631 1272 650 1326 (
672 1268 762 1326 quo
779 1262 883 1313 retis
904 1272 1094 1314 ambulet
1111 1271 1138 1328 )
1153 1270 1302 1317 amni:

98 1352 226 1395 Ditat
246 1353 363 1395 enim
384 1352 534 1395 villam
554 1352 694 1395 facilis
713 1353 922 1403 vestura3
944 1355 1132 1397 colendo

99 1434 194 1485 Nec
214 1433 366 1476 desunt
388 1447 533 1489 operae
555 1434 644 1476 ruri
666 1467 678 1487 ,
709 1448 790 1478 nec
809 1433 1040 1492 agrestibus
1060 1433 1194 1478 *armis

101 1513 304 1557 Artifices
325 1545 336 1565 ‚
363 1527 442 1556 nec
462 1525 664 1570 prompta
685 1514 773 1557 tuis
794 1515 976 1558 obsonia
998 1515 1154 1559 menfis
1173 1547 1189 1568 ‚

100 1597 196 1638 Nec
217 1594 416 1637 Medicus
435 1628 448 1648 ,
472 1595 550 1637 tibi
571 1595 647 1652 qui
665 1595 811 1638 subitis
832 1595 879 1637 in
898 1595 1058 1638 casibus
1078 1600 1197 1652 aegro

101 1676 363 1719 Praesentem
385 1675 463 1718 nisi
489 1675 658 1731 praestet
679 1689 810 1731 opem
831 1709 842 1726 ‚
873 1675 1055 1718 solantia
1077 1675 1230 1719 saltem

102 1757 250 1800 Verba
269 1755 380 1799 ferat
401 1772 412 1799 ε
434 1757 490 1798 fic
509 1757 613 1798 urbe
635 1769 781 1798 tamen
802 1755 967 1798 distabit
987 1757 1038 1798 ab
1059 1757 1145 1798 alta

102 1838 276 1882 Fundus
296 1838 308 1890 3
333 1851 382 1880 ut
402 1837 599 1893 hospitio
621 1852 712 1879 non
736 1836 932 1880 infestere
957 1835 1175 1892 perenni0‘

163 1917 371 1974 Inprimis
390 1918 594 1975 fugienda
622 1918 702 1960 tibi
725 1917 799 1960 via
824 1920 909 1961 lata
929 1950 940 1969 ,
973 1918 1193 1961 cohortes

105 2001 217 2054 Quae
239 2000 350 2042 solet
369 1999 603 2057 armigeras
627 1998 717 2042 aiio
740 2000 948 2041 deducere
971 1999 1132 2041 :nubes

103 2081 285 2139 Ignibus
306 2071 528 2123 horrificis
555 2081 597 2123 &
623 2079 829 2138 grandine
852 2081 958 2123 foeta
979 2079 1198 2122 minorem

106 2146 253 2216 Qud-m
271 2162 472 2204 Peditum
493 2163 646 2219 globus
667 2174 740 2204 aut
761 2160 877 2204 acies
897 2162 1070 2203 fraenata
1093 2158 1279 2203 Colonis

107 2241 321 2286 Pulvere&
340 2241 424 2284 fert
443 2244 555 2284 nube
575 2254 741 2284 metum
763 2258 773 2284 ε
796 2257 887 2284 non
907 2242 1068 2284 Villica
1087 2274 1100 2294 ‚
1126 2241 1269 2284 milvo

108 2322 421 2365 Circumeunte
439 2356 450 2373 ‚
477 2324 578 2366 suos
598 2335 778 2366 revocat
798 2323 933 2380 magis
954 2323 1080 2364 anxia
1102 2324 1248 2379 pullos
1264 2355 1278 2375 ‚

109 2403 206 2445 Nec
225 2401 372 2444 Pastor
389 2403 597 2446 veniente
618 2406 725 2460 lupo
740 2392 947 2462 {gregibus
944 2418 1027 2461 que
1048 2404 1211 2459 sibique

109 2482 238 2528 Plura
253 2482 545 2544 timet,qu÷'1m
561 2499 697 2542 quum
712 2485 925 2530 tremulos
942 2485 1096 2543 procul
1113 2482 1233 2533 audit
1243 2493 1460 2541 equorum
