1482 2834
111 234 232 294 7:230
357 220 697 276 PRAEDJJ
742 218 1117 275 Rvsnct

98 320 165 364 *Et
191 322 310 376 quod
338 321 385 363 in
411 322 627 365 humanas
654 320 832 378 poffunt
857 334 970 377 vaga
995 319 1130 361 fidet-a
1153 317 1358 374 mentes}

109 402 163 446 In
190 417 361 446 teneras
387 403 432 446 id
456 403 565 458 juris
591 403 754 447 habent
779 416 871 445 non
897 399 1086 457 amplius
1111 399 1283 442 herbas.
1333 403 1335 407 “

175 484 426 528 Seminibus
450 485 605 541 positis
629 484 859 528 inimicam
886 466 1076 527 avertite
1101 482 1265 537 talpam
1282 493 1301 529 ⁶,

111 565 181 608 Ne
208 566 424 631 deformet
449 581 578 624 agros
596 599 609 620 ‚
647 567 689 610 δι
717 567 874 623 iniquo
906 566 1036 608 dente
1062 564 1257 606 sativum

113 646 427 702 Depopuletur
452 649 566 691 olus.
597 649 775 706 Longos
803 642 973 690 telluris
1000 658 1188 688 acervos

116 725 164 768 Si
195 729 371 783 quando
398 727 579 782 aspicias
607 728 761 770 sensim
789 727 1051 784 consurgere
1070 758 1082 778 ‚
1111 722 1280 782 grefl‘us

112 808 195 849 Fer
206 807 646 865 tacitos‚craffamque
658 822 806 867 togam
820 809 947 864 super
959 806 1091 856 injice
1108 822 1118 849 z
1133 806 1357 849 summum

118 890 257 945 Talpa
276 890 418 931 solum
437 890 603 933 sulcans
621 923 635 943 ,
657 890 810 946 posuis
827 903 956 946 caput
973 888 1108 932 inscia
1128 886 1287 944 pannis

120 971 288 1013 Inferet
308 1003 320 1023 ,
347 971 390 1013 &
418 971 595 1014 meritas
622 970 814 1014 tenebris
839 970 956 1014 dabit
980 983 1100 1034 eruta
1126 984 1300 1026 poenas.

183 1053 402 1109 Agricolae
421 1085 433 1103 ,
462 1065 615 1095 contra
642 1066 788 1094 mures
810 1051 1050 1108 avium‘que
1076 1050 1303 1094 minorum

122 1134 302 1177 Insidias
332 1134 374 1175 &
403 1134 515 1176 furta
533 1166 544 1186 ‚
574 1134 717 1176 solent
745 1131 933 1190 defigere
958 1145 1117 1188 vepres
1138 1163 1152 1183 ‚

126 1217 180 1258 Et
208 1229 380 1258 teneras
408 1215 559 1272 rigidis
586 1215 814 1258 defendere
839 1214 1030 1256 sentibus
1054 1213 1226 1255 herbas.

125 1299 231 1339 Non
248 1298 453 1353 equidem
473 1311 548 1351 per
564 1297 670 1339 dura
692 1294 805 1351 petit
831 1309 927 1338 mus
944 1296 1128 1338 vulnera
1144 1294 1335 1351 praedam
1351 1325 1370 1347 ,

127 1379 371 1422 Occultum
398 1379 469 1420 sed
497 1376 654 1434 quaerit
681 1376 765 1420 iter
793 1378 948 1419 tellure
974 1375 1051 1418 sub
1078 1361 1167 1417 ima
1190 1390 1204 1423 3

127 1460 416 1516 Armatasque
443 1460 562 1502 rubis
591 1459 715 1514 sepes
734 1489 747 1510 ,
777 1457 819 1500 &
844 1456 1000 1507 inutile
1026 1456 1196 1499 vallum

129 1540 315 1594 Traiicit
334 1574 347 1592 ‚
378 1541 420 1583 δι
446 1553 615 1582 teneras
642 1538 887 1594 depascitur
911 1538 1064 1580 helluo
1089 1536 1264 1580 frondes
1283 1551 1300 1580 ε

133 1623 233 1667 Sint
260 1623 340 1665 tibi
365 1622 541 1665 fallaces
567 1619 736 1664 foribus
763 1619 850 1662 sata
876 1630 1057 1674 propter
1081 1616 1243 1678 apertis

132 1704 398 1760 Muscipulae
417 1736 429 1755 ‚
459 1702 615 1760 quibus
643 1700 805 1743 invitet
831 1700 1058 1743 succedere
1080 1698 1223 1742 furem

131 1785 325 1829 Pendula
354 1797 445 1827 nux
473 1800 483 1826 ι
515 1783 648 1825 avido
676 1779 919 1823 malefidam
946 1779 1144 1823 credulus
1169 1779 1314 1822 escam

134 1866 231 1909 Ore
252 1866 369 1922 petit
387 1898 399 1918 ,
426 1865 659 1921 clausoque
687 1875 831 1905 vorax
854 1862 897 1904 se
923 1863 1037 1904 latro
1062 1860 1205 1904 teneri

137 1949 324 1990 Carcere
351 1945 626 2002 conspiciens
645 1977 657 1995 ‚
682 1942 770 1997 iam
800 1956 892 1986 non
918 1943 1081 1986 semesa
1105 1942 1288 1987 resumit

138 2029 286 2072 Frusta
316 2029 471 2078 nucis,
501 2027 573 2070 sed
598 2039 690 2069 non
714 2023 842 2067 ceffat
868 2022 1071 2080 captivus
1098 2023 1273 2080 iniquas

136 2110 319 2155 Tollere
341 2111 413 2153 vel
440 2108 620 2165 pedibus
638 2140 651 2160 ,
675 2107 749 2150 vel
770 2106 897 2148 dente
919 2102 1120 2147 lacess‘ere
1140 2105 1316 2151 valvas.

201 2192 310 2234 Vidi
328 2205 411 2248 ego
430 2191 504 2248 qui
520 2178 658 2245 talpas
675 2187 818 2230 ricino
835 2186 1099 2228 maleolente
1115 2184 1284 2243 fugaret
1297 2215 1312 2237 ‚

138 2274 287 2329 Atque
312 2270 529 2316 venenata
556 2260 712 2314 cinarae
736 2268 878 2309 radice
905 2277 1076 2322 pararet

138 2354 342 2397 Muribus
367 2354 555 2396 infidias.
586 2353 631 2394 Si
659 2350 834 2408 quando
861 2347 1086 2391 frondibus
1112 2346 1283 2390 haerens

134 2434 364 2480 Infestabat
388 2435 489 2478 olus
514 2436 651 2489 pulex
667 2429 954 2486 ,thirsutaque
979 2440 1133 2483 campe
1149 2458 1166 2480 ,
