1482 2834
445 202 748 266 'LIBER
806 201 991 265 xm
1206 195 1325 283 285

84 300 202 351 Tum
227 301 409 367 ‹ligi-effa
432 310 569 355 domo
594 325 673 368 per
696 310 836 355 florea
857 321 981 367 prata
997 340 1011 363 ,
1028 319 1108 365 per
1129 319 1267 365 agros·

40 447 41 450 Ἰ
81 387 256 445 Agmen
280 388 371 448 agit
388 422 401 443 ‚
427 390 614 449 seroque
643 393 783 436 redux
808 391 898 446 jam
922 390 1106 447 vespere
1122 421 1136 442 ,
1161 399 1288 431 tutos

82 468 244 511 Sedula
268 471 502 527 componit
525 472 662 517 viridi
687 474 816 531 super
840 474 998 517 arbore
1022 471 1170 528 pullos
1186 483 1204 519 'a

81 548 192 603 Quo
218 550 352 594 fallax
378 565 568 610 nequeat
591 555 750 611 vulpes
775 556 981 612 adrepere
1005 551 1162 596 noctu.

82 630 323 675 Debilibus
349 632 382 675 fi
410 647 504 676 non
527 635 708 678 valeant
733 635 1026 679 conscendere
1050 630 1248 690 pennis,‘

0 740 2 742 v
81 711 180 768 Ipsa
206 712 366 756 Parens
392 712 520 756 oneri
543 714 736 757 succedit
753 746 767 768 ,
795 715 840 758 ὃ(
865 713 1062 775 explicat
1086 714 1209 762 alas·,

0 831 4 835 .
83 793 355 851 Attollitque
379 794 575 838 humeris
602 810 615 838 ε
644 794 743 838 orta
767 793 856 849 jam
881 797 980 838 luce
1003 776 1213 838 volantes

0 910 3 914 .
27 860 31 861 ⁷
86 874 311 918 Defiliunt
336 874 470 917 ramis
498 889 512 923 3
539 875 584 918 &
609 874 735 919 turba
760 875 793 918 fi
818 874 920 932 quis
946 876 1000 917 ab
1023 873 1151 917 omni

87 957 240 1001 Haeret
254 956 373 1000 iners
391 988 404 1009 ,
429 955 652 1014 etiamque
668 967 862 1000 tremens
880 987 893 1010 ‚
912 955 1047 1000 etiam
1065 953 1231 1001 inscius
1251 952 1333 1000 alis
1370 950 1384 964 ’

0 1058 2 1108 5
88 1037 225 1083 Poffit
251 1052 308 1081 an
332 1036 544 1081 invalidis
571 1037 616 1080 se
647 1038 823 1080 credere
852 1052 867 1087 ·,
893 1048 1033 1080 mater
1060 1037 1112 1079 ab
1138 1038 1231 1080 alto

0 1114 4 1178 ξ
88 1118 260 1173 Dejicit
278 1151 291 1171 ‚
321 1119 365 1161 &
391 1118 562 1174 primos
587 1117 710 1172 jubet
734 1131 939 1161 exercere
968 1118 1167 1162 volatus.

152 1199 341 1253 §fistula
367 1197 508 1254 coepit
534 1197 610 1241 ubi
634 1197 768 1254 capiti
794 1198 1065 1242 succrescere
1083 1230 1095 1250 ,
1123 1211 1266 1254 pavus

91 1281 192 1338 (Ut
217 1279 345 1338 pueri
370 1293 507 1336 quum
530 1279 735 1338 gingivas
760 1280 930 1335 aperire
954 1291 1176 1322 tumentes

91 1361 325 1405 Denticuli
350 1359 583 1414 nituntur)
611 1359 736 1401 humi
761 1357 875 1412 jacet
901 1372 1016 1416 aeger
1034 1390 1048 1411 ,
1074 1373 1299 1417 opemque

92 1442 224 1491 ,Voce
243 1441 357 1499 petit
377 1441 560 1500 querula
580 1457 591 1485 ε
613 1441 814 1485 manibus
834 1453 883 1484 tu
899 1473 912 1494 ,
931 1439 1100 1485 Villica
1115 1473 1128 1494 ‚
1147 1441 1318 1486 blandis

97 1523 302 1580 Accipies
332 1538 347 1573 ;
375 1523 648 1580 vincensque
673 1522 760 1565 cibi
783 1521 950 1566 fastidia
966 1554 980 1575 ,
1009 1521 1201 1578 pressum

99 1604 322 1650 Lac'dabis
339 1619 354 1654 ·,
374 1604 418 1646 &
434 1603 563 1646 molli
582 1605 758 1660 (neque
782 1602 903 1646 enim
920 1603 1119 1647 fomenta
1135 1604 1348 1662 dolor-unz

100 1685 287 1741 Altera)
315 1672 596 1744 languentem
622 1685 746 1730 νίἂιι
768 1685 963 1729 solabere
991 1697 1177 1742 pavum.

163 1768 271 1811 Non
297 1766 452 1810 furtim
477 1765 639 1825 gallina
662 1766 765 1810 suos
791 1766 992 1810 villatica
1017 1768 1166 1823 pullos
1232 1782 1236 1785 ¹

110 1847 187 1893 Sic
211 1847 352 1904 pariet
376 1863 391 1897 ;
416 1846 512 1890 tota
536 1846 737 1906 glociens
762 1847 836 1890 sed
861 1846 1014 1891 chorte
1042 1847 1245 1904 dolebit:
1280 1868 1327 1895 κ,

106 1930 162 1973 Et
188 1928 358 1988 gemitu
383 1927 493 1972 tristi
522 1927 639 1971 nidis
663 1929 802 1971 ablata
827 1929 1028 1984 reposcet

110 2011 219 2056 Ova
235 2042 247 2063 ‚
268 2009 425 2067 quibus
445 2009 660 2054 Genitrix
677 2009 820 2052 vitam
838 2010 1109 2053 transfundat
1128 2026 1141 2061 3
1166 2011 1210 2055 δε
1229 2022 1349 2058 artus

21 2128 23 2130 .
108 2093 329 2138 Informes
354 2089 520 2134 animet
535 2123 549 2144 ,
572 2091 820 2148 blandoque
849 2092 996 2134 calore
1022 2093 1229 2136 resolvat.

145 2184 147 2186 ’
172 2175 279 2216 Non
304 2184 452 2216 tamen
475 2172 553 2215 has
579 2173 703 2215 nullo
729 2169 979 2214 discrimine
1005 2186 1143 2218 mater
1166 2174 1217 2219 in
1235 2188 1351 2221 artes

111 2254 303 2313 Eligitur
324 2269 340 2303 ·‚
365 2252 559 2311 suspecta
582 2252 667 2296 tibi
692 2252 744 2295 fit
771 2251 921 2306 iunior
945 2266 1078 2299 aetas:

115 2335 350 2394 Ingenium
373 2334 519 2391 primo
545 2333 754 2378 mutabile
780 2333 950 2390 semper
978 2335 1027 2378 in
1052 2351 1152 2381 aevo
1180 2337 1240 2381 est
1258 2353 1277 2390 ·,

114 2418 271 2469 Nescit
298 2419 343 2469 δι
368 2416 464 2478 ipsa
489 2415 565 2467 diu
587 2414 791 2479 puuastta
819 2413 1062 2465 immobilis
1094 2433 1186 2465 uno
