1482 2834
474 215 774 275 LIBER
828 215 1035 276 XIV.
1143 173 1146 176 ⁴
1240 224 1359 294 325

119 308 370 373 Expediant
390 316 551 371 sociae,
571 319 702 377 seque
727 318 775 362 in
801 318 875 362 sua
898 332 1030 383 regna
1055 312 1299 360 remittant.

188 397 403 441 Involitat
427 400 659 443 numerosa
683 400 844 444 cohors
860 431 875 453 ,
898 411 1128 455 ceramque
1155 394 1332 440 revellit

127 477 198 520 Ex
217 479 416 523 humeris
434 512 447 533 ‚
473 483 600 538 operi
623 493 777 538 coepto
804 495 934 538 quam
958 479 1162 537 protinus
1190 475 1336 541 addit,

128 558 350 603 Molitura
372 560 502 604 favos
527 577 539 604 :
567 575 711 618 neque
733 560 853 605 enim
877 562 981 604 dum
1006 557 1157 615 junior
1181 569 1290 600 aetas

128 639 288 682 florea
310 654 410 684 rura
434 641 589 695 metit,
614 655 792 685 veteres
818 641 980 699 ignava
1004 641 1247 697 sequuntur

129 719 243 764 Otia
271 738 285 766 =
306 734 504 765 venturae
527 721 670 765 soboli
697 722 912 764 cunabula
935 731 1110 789 ponunt
1130 735 1142 763 :

131 801 393 859 Horreaque
418 801 636 845 aedificant
659 801 722 844 ita
745 800 942 845 festinata
957 834 970 854 ‚
996 797 1204 844 saniorum

134 883 200 926 Ut
225 882 426 926 nascente
451 882 523 925 die
548 881 581 925 fi
605 883 889 926 fundamenta
912 880 1129 935 locatim,

133 962 332 1019 Vespere
346 964 566 1006 cellarum
589 974 781 1020 quatuor
803 961 914 1006 stent
939 961 1078 1005 millia
1095 993 1108 1015 ‚
1135 961 1288 1018 qualee

138 1043 326 1087 Dedalei
352 1058 508 1087 manus
534 1042 718 1087 artificis
742 1042 827 1087 vix
849 1045 1005 1086 aemula
1029 1042 1182 1101 fingat.

201 1125 401 1182 Quaeque
416 1125 541 1168 suum
557 1123 739 1168 sortitur
753 1138 890 1181 opus:
905 1138 1004 1180 pars
1022 1123 1191 1184 moenia
1205 1120 1385 1184 conditfij

142 1205 246 1251 Pars
276 1207 435 1249 molles
463 1203 623 1262 subigit
649 1218 803 1253 ceras·,
831 1217 1104 1261 operumque
1124 1205 1299 1249 labores

142 1287 249 1332 Pars
275 1284 555 1343 imperfectos
581 1285 861 1328 emendatura
877 1316 890 1336 ,
918 1283 1069 1328 revifit

146 1369 393 1420 Alveolos,
419 1380 541 1411 ceras
566 1378 720 1424 aptans
746 1376 820 1408 aut
846 1378 992 1424 ungue
1020 1367 1239 1411 revellens
1257 1381 1276 1418 ς

144 1450 214 1492 Ne
240 1448 385 1492 tenuis
409 1445 598 1490 nimium
622 1444 766 1503 paries
789 1447 865 1489 vel
890 1444 1066 1490 crassior
1092 1447 1229 1492 exstet
1245 1481 1259 1502 ,

147 1531 347 1588 Angulus
366 1541 441 1572 aut
460 1527 684 1572 abnormis
704 1542 717 1571 ε
738 1541 866 1584 apem
885 1527 1353 1580 comitanturveuntem‘

147 1612 232 1656 Per
254 1613 425 1655 forulos
449 1609 591 1654 veluti
616 1610 789 1653 famulae
804 1642 817 1663 ,
845 1624 941 1667 quae
966 1610 1178 1668 fragmina
1203 1626 1313 1656 cetae

150 1695 399 1749 Exportant
415 1724 428 1744 ‚
453 1688 632 1735 inti-'ove
654 1690 801 1734 ferunt
817 1721 830 1742 ‚
854 1702 904 1733 ut
928 1688 1117 1746 postulat
1139 1691 1260 1736 usus.

153 1774 268 1817 Sunt
292 1772 447 1831 quibus
472 1771 686 1815 incumbit
709 1769 885 1814 strutlas
907 1770 1092 1816 solidare
1117 1769 1343 1829 frequenti

154 1856 352 1903 Verbere
377 1866 620 1910 pennarum
645 1865 784 1896 crates
802 1883 816 1905 ,
839 1863 1055 1909 uteroque
1083 1851 1246 1908 polire.

219 1938 358 1979 Cerea
383 1948 476 1978 non
500 1946 664 1977 temere
687 1931 824 1991 surgit
846 1932 1054 1976 {hudini-a
1077 1934 1281 1985 favorum
1297 1948 1315 1980 t

160 2015 342 2073 Oppida
365 2016 483 2058 nulla
504 2013 594 2058 viis
620 2013 778 2057 melius
805 2011 1019 2070 descripta
1035 2045 1048 2067 ,
1072 2014 1246 2058 labores

162 2100 227 2144 Ut
254 2109 530 2155 quocumque
554 2106 744 2147 vocant,
770 2093 864 2150 apis
889 2094 974 2137 huc
998 2093 1203 2138 breviore
1227 2095 1393 2145 feratur

160 2177 364 2223 Cir-cuitu
386 2193 401 2227 ·,
428 2177 472 2220 &
494 2175 604 2220 liber
627 2174 780 2219 multis
806 2174 857 2217 fit
882 2174 1084 2218 transitus
1111 2189 1123 2221 z
1149 2181 1286 2220 unum

161 2261 344 2315 Quippe
365 2256 448 2301 iter
471 2239 664 2300 iniistunt
690 2269 846 2299 omnes
863 2287 876 2308 ‚
896 2254 1003 2299 &in
1020 2256 1178 2311 horrea
1203 2259 1396 2315 praedam

161 2341 265 2385 Una
289 2339 475 2385 vehunt.
500 2338 713 2385 Fervente
738 2335 886 2393 liquor
912 2350 969 2380 ne
995 2335 1163 2380 diffluat
1186 2337 1316 2395 aestu,

168 2422 392 2475 ‚obturant
414 2419 555 2467 aditus
569 2449 585 2477 ,
608 2417 832 2479 hiemique
856 2417 1014 2466 cibaria
1039 2419 1236 2467 condunt
1252 2451 1269 2480 2

1035 2497 1083 2547 x
1112 2497 1165 2562 iij
