1500 2834
96 182 219 263 '156
341 184 674 241 PRAEDII
722 182 1096 241 Rvsrzct

94 284 286 342 Parturit
302 316 315 338 ,
344 285 387 328 δε
413 285 548 329 flores
568 318 581 338 ‚
609 285 653 328 ὃ(
680 299 811 342 quam
835 283 1082 328 corroserat
1112 290 1216 340 ante

89 364 141 414 (V
143 365 274 409 ermis
293 366 404 409 edax
421 398 433 418 ,
451 364 540 420 iam
555 379 672 409 nunc
689 365 787 423 apis
806 363 942 408 ambit
960 375 1185 408 murmure
1201 357 1379 404 blandos

156 446 269 500 Quae
286 447 484 491 summos
500 448 692 491 Fortuna
706 445 820 490 levis
838 445 1098 490 transmutat
1111 445 1307 486 honores
1320 469 1336 492 ,

90 527 242 571 Rebus
267 527 316 570 in
339 527 543 572 humanis
569 528 631 573 ita
662 528 775 586 saepe
806 527 1014 583 jocatur,
1039 523 1256 581 humique
1293 579 1299 581 ί

89 606 332 652 Prosternit
355 609 497 666 capita
518 611 611 653 -alta
637 608 786 654 virum
809 625 840 658 ·,⁴
855 606 1096 664 subitisque
1114 603 1304 650 viciffim

88 687 284 733 Divitiis
307 689 468 734 humili
496 702 623 735 natos
649 692 702 735 de
729 690 856 747 plebe
882 690 1136 747 supremum

87 769 253 814 Evehit
275 771 330 814 ad
353 772 483 815 decus
511 787 523 816 t
550 774 668 816 elato
694 773 768 815 sed
793 770 962 816 vertice
990 781 1260 829 quamquam

88 847 243 896 Sidera
261 851 520 911 contingant
538 886 550 907 ‚
579 853 623 897 &
640 854 902 897 obumbrent
927 851 1080 896 omnia
1103 853 1215 895 luxu
1232 865 1249 900 ς

86 933 205 988 Quae
234 934 390 991 primae
415 947 643 979 remanent
666 934 812 991 stirpis
836 932 1020 992 vestigia
1037 964 1051 987 ‚
1075 933 1252 992 linguas

88 1014 325 1061 Mordaces
354 1028 516 1060 acuunt
543 1031 558 1065 ·‚
587 1016 631 1059 &
659 1029 753 1058 non
778 1014 851 1057 sua
879 1014 1077 1082 comicus
1103 1014 1226 1061 aeter

87 1094 366 1140 ornamenta
387 1110 542 1155 gerens
561 1095 672 1138 risus
692 1107 874 1145 movet·‚
894 1106 1088 1139 attamen
1106 1096 1306 1139 umbram

86 1175 213 1220 Illius
243 1190 296 1220 ac
321 1187 500 1235 tegmen
523 1188 698 1233 captant
724 1192 738 1227 ·,
767 1177 811 1219 ὃ(
836 1175 976 1233 plebis
1004 1188 1212 1233 opertum
1325 1173 1328 1175 ’

87 1256 277 1301 Exuviis
294 1290 307 1311 ‚
335 1259 456 1301 cultu
486 1269 743 1302 reverentur
772 1256 967 1314 supplice
1001 1268 1228 1302 truncum.

148 1338 272 1393 Quid
296 1339 447 1384 varios
468 1372 480 1393 ‚
502 1339 660 1397 quibus
687 1339 747 1384 est
765 1341 892 1383 arbos
913 1339 1108 1384 obnoxia
1126 1371 1140 1393 ,
1159 1340 1282 1383 casus

86 1420 352 1464 Enumerem
379 1436 391 1464 τ
419 1419 528 1464 tristi
554 1434 671 1464 nunc
696 1420 906 1478 grandine
928 1422 1110 1478 vapulat
1128 1452 1142 1474 ,
1169 1420 1263 1464 acri

85 1502 217 1544 Nunc
240 1500 356 1557 perit
383 1500 474 1543 usta
505 1503 606 1559 gelu
624 1533 636 1555 ‚
655 1501 772 1545 villo
800 1516 918 1545 nunc
938 1503 1060 1546 tabet
1084 1501 1224 1548 edaci.

146 1580 321 1625 Durior
345 1581 541 1638 abruptis
567 1582 776 1639 lapidosae
803 1582 1025 1640 grandinis
1053 1581 1167 1626 iklus

86 1663 276 1720 Diffipat
299 1663 536 1706 humorem
560 1663 690 1707 venis
716 1680 730 1715 ;
761 1664 804 1707 &
830 1664 1052 1708 hiantibus
1077 1664 1208 1707 arbor

86 1744 250 1789 Livida
275 1746 531 1789 vulneribus
552 1777 564 1798 ‚
590 1745 717 1789 ‘foedo
744 1759 856 1789 mox
886 1746 1037 1789 tubere
1069 1744 1223 1802 passim

85 1827 317 1871 Prominet
343 1826 566 1870 horridior
586 1859 598 1879 ,
626 1840 768 1883 neque
793 1827 908 1870 fetus
934 1827 1087 1870 educat
1114 1827 1269 1884 ullos3'

87 1909 251 1953 Saucia
274 1909 502 1952 frondator
527 1908 609 1950 nisi
636 1909 764 1950 tollat
789 1907 909 1966 ligna
926 1941 939 1961 ‚
969 1908 1191 1966 novisque

85 1992 310 2035 Nudatum
334 1989 481 2046 jubeat
507 2001 711 2033 truncum
742 1989 1006 2034 revirescere
1035 1989 1189 2035 ramis.

147 2071 332 2116 Grando
351 2069 498 2115 minus
517 2069 723 2114 damnosa
740 2069 879 2123 cadit,
901 2084 1037 2128 quum
1055 2071 1171 2115 forte
1187 2069 1357 2116 recenti

83 2152 229 2196 Imbre
258 2152 438 2195 madens
464 2151 668 2195 hebetem
696 2161 853 2194 cortex
879 2149 967 2205 jam
993 2151 1158 2197 flexilis
1188 2151 1326 2198 ietum

84 2232 271 2277 Emollit
305 2248 318 2276 =
341 2230 456 2276 tanti
485 2231 547 2275 est
574 2231 780 2277 violento
808 2231 930 2289 poffe
960 2232 1101 2277 furori

86 2315 254 2358 Cedere
271 2344 284 2366 ‚
315 2327 398 2356 nec
422 2312 594 2369 semper
621 2311 782 2372 rigidas
810 2326 1040 2370 opponere
1065 2303 1221 2360 vires!

146 2394 390 2441 Arboribus
415 2404 569 2440 contra
598 2394 741 2440 clades
766 2393 968 2454 suprema
993 2405 1202 2454 paratur-5
