1482 2834
486 244 501 253 ὴ
685 237 778 263 ,ῼΟᾳ
962 250 966 253 .
1247 246 1257 254 ι

511 275 675 282 -“-“
688 249 1305 308 δρα-ὑ-Ἥῂ

133 304 138 309 ’
205 300 788 336 mma-n
1087 333 1114 388 ξ

206 323 839 410 ς-ξιῑιῑικιωκιὲὲκῑ

649 690 841 767 Stagna.

1038 784 1062 801 Ἴ

124 765 247 861 fn
261 830 335 861 aa·
363 817 534 862 animus
558 830 656 862 mea
679 818 940 876 stagnicolas
960 819 1014 862 ad
1037 802 1201 861 15raedia
1223 815 1368 859 Pisces

123 899 293 942 Addere
308 931 322 952 ,
343 913 456 956 quos
475 899 588 942 olim
607 899 770 943 teneris
793 898 1030 943 meditabar
1049 898 1097 942 in
1118 896 1260 940 annis,

124 977 290 1034 Accipe
306 1010 320 1031 ,
349 979 543 1026 ¹Lamoni
561 1011 576 1032 ‚
599 978 748 1036 paucis
774 979 959 1023 meliora
981 977 1128 1023 lituris

126 1059 334 1102 Carmina
352 1092 365 1112 ,
388 1075 488 1117 quae
514 1075 682 1104 nomen
707 1062 930 1118 quondam
955 1062 1097 1105 fecere
1123 1059 1271 1104 Poetae
1287 1092 1300 1112 ‚

129 1139 276 1194 Queis
305 1140 394 1184 fine
420 1155 502 1184 nec
517 1138 637 1185 vites*
657 1172 671 1194 ‚
687 1155 769 1184 nec
786 1142 965 1184 haberes
984 1140 1101 1185 fort‘e
1120 1143 1345 1184 columbas
1357 1148 1375 1193 ‚‘

127 1221 223 1263 Nec
249 1235 539 1278 quaecumque
567 1220 651 1264 tibi
676 1221 891 1264 maturior
914 1221 1085 1265 extudit
1109 1234 1228 1265 aetas.

190 1302 314 1356 Quas
338 1316 424 1361 ego
449 1303 625 1346 fabellas
652 1315 906 1360 mutataque
929 1283 1122 1346 Numine
1140 1303 1314 1347 Divum

134 1384 337 1440 Corpora
361 1385 600 1442 gaudebam
624 1383 784 1441 puerili
812 1386 960 1428 ludere
984 1384 1116 1428 versu
1131 1416 1147 1439 ,

128 1463 292 1507 Forsan
316 1465 361 1507 δε
384 1464 455 1507 his
483 1465 681 1508 animum
707 1465 873 1522 poterit
900 1479 1093 1510 recreare
1117 1479 1332 1522 nepotum

129 1543 393 1602 Nobilepar
408 1576 422 1597 ‚
449 1544 597 1588 faustis
624 1544 704 1602 qui
726 1545 803 1589 sub
829 1546 1122 1602 penetralibus
1146 1549 1244 1590 altae

133 1624 312 1668 Semina
329 1624 491 1668 mentis
510 1625 634 1668 alunt
650 1656 664 1678 ‚
688 1626 886 1669 nondum
905 1627 1174 1684 exemplaria
1194 1627 1375 1683 Graeca5

132 1705 222 1748 Vel
251 1706 456 1759 Romana⁷
474 1710 608 1750 manu
630 1707 853 1751 versantes
873 1740 886 1762 ,
910 1720 1042 1765 teque
1067 1693 1254 1766 tuosque

136 1787 221 1829 Sed
243 1785 426 1843 propius
453 1801 600 1832 mores
615 1819 628 1842 ‚
656 1801 787 1846 atque
812 1803 943 1833 aurea
972 1789 1084 1833 di&a
1107 1792 1302 1849 legentes
1320 1824 1334 1843 ‚

135 1868 278 1910 Dulce
305 1867 599 1912 rudimentum
624 1868 804 1914 virtutis
822 1903 837 1925 ‚
867 1871 911 1914 &
930 1870 1101 1927 optima
1124 1875 1346 1930 quondam

136 1948 356 1992 fratribus
380 1948 584 2007 ingenuis
607 1952 662 1995 ad
685 1951 849 1996 avitam
873 1953 1122 1996 hortamina
1145 1955 1334 1998 laudem.

199 2028 359 2072 Officia
384 2030 428 2073 &
449 2031 574 2090 regni
596 2044 740 2089 partes
764 2033 950 2090 implere
973 2035 1181 2078 secundas

137 2109 410 2152 Cursonium
434 2110 661 2168 postquam
684 2112 869 2156 docuisti
887 2146 900 2166 ‚
926 2114 1103 2172 longius
1129 2115 1240 2158 olim

140 2191 205 2232 Ut
230 2189 377 2245 patriae
402 2191 542 2247 prosis
567 2191 700 2236 etiam
725 2192 822 2249 post
847 2193 934 2237 fata
952 2226 964 2246 ‚
990 2190 1222 2239 colendam

141 2267 333 2312 Affumis
358 2270 450 2313 nati
474 2270 699 2322 sobolem
723 2275 988 2331 longamque
1015 2288 1228 2332 nepotum

143 2350 266 2392 Dum
292 2350 448 2394 seriem
471 2351 648 2396 Lodoix
674 2354 771 2397 orbi
797 2366 920 2410 parat
935 2385 949 2406 ‚
975 2354 1067 2411 ipse
1092 2355 1278 2400 Vicissim

144 2429 339 2489 Regibus
367 2445 590 2491 aequaevos
614 2435 774 2493 gaudes
799 2434 989 2481 formare
1017 2435 1246 2484 Ministros
1261 2470 1277 2493 ,
