1482 2834
509 221 608 278 ιι
637 234 680 278 Β
711 233 820 276 ER
872 212 1093 273 X'1.-1
1241 210 1348 285 265

123 318 334 380 Vinaque
351 333 615 380 progenerat
638 320 798 365 menfis
822 317 1033 378 generosa
1048 347 1061 369 ,
1081 313 1296 359 senefiam

122 403 237 457 Quae
262 404 432 448 servata
451 403 600 448 ferunt
615 435 629 455 ,
649 402 910 458 laudemque
935 409 1064 442 aetate
1088 406 1329 438 merentur.

187 485 339 528 Altera
361 483 470 528 vina
492 483 649 527 rubent
664 509 679 532 ,
700 480 926 524 albescunt
946 480 1114 522 altera:
1135 476 1301 526 multus
1337 488 1339 493 ¹

124 564 249 608 Inter
275 567 403 610 rubra
425 566 554 610 color
572 561 851 621 distinguitur
876 577 890 605 z
918 559 1089 617 optima
1113 557 1245 600 sunto

127 646 242 701 Quae
267 648 582 692 carbunculeos
607 644 734 703 ignes
764 641 984 686 imitantia
1000 671 1015 693 ‚
1039 636 1186 710 plenis

127 726 383 771 Scintillam
405 726 568 785 pateris
583 756 599 779 ,
625 726 670 770 δι
695 727 844 768 laetam
870 720 1065 766 suaviter
1088 710 1180 763 acri

127 807 342 852 Afficiunt
366 807 493 851 sensu
515 806 729 865 linguam.
755 801 1050 848 Vehementia
1074 798 1209 843 tristis

74 942 81 947 ,
106 889 369 941 ,(ζιὶαὼιε,
394 887 438 932 &
464 888 658 945 querulae
682 883 890 942 inprimis
915 884 1048 927 odei-e
1071 881 1292 938 podagrae.

130 969 324 1014 'Vatibus
340 999 357 1021 ‚
380 968 425 1012 &
450 967 632 1025 placidae
655 965 919 1010 sectantibus
946 963 1039 1007 otia
1063 962 1171 1006 vitae

130 1049 296 1093 Mollia
312 1047 420 1092 vina
437 1050 614 1106 placent
626 1079 639 1101 ‚
662 1046 976 1103 stomachoque
998 1042 1207 1089 facillima
1221 1040 1343 1086 vinci
1359 1073 1372 1094 ‚

132 1129 307 1172 Mustea
332 1128 552 1173 continuo
575 1140 748 1172 tentant
771 1111 1095 1185 caputraspera
1120 1122 1313 1169 'fraudem

133 1209 420 1254 Diffimulant
435 1243 450 1264 ‚
475 1211 520 1254 &
542 1210 619 1254 ubi
644 1209 841 1268 linguam
865 1208 1055 1253 vinxere
1081 1207 1297 1264 pedesque
1314 1238 1328 1259 ,

135 1291 235 1334 Vix
259 1292 372 1334 redit
394 1290 547 1335 exassa
574 1290 753 1333 libertas
776 1289 909 1332 noste
934 1304 947 1332 ε
969 1289 1166 1345 palatum

136 1372 308 1416 Tenuia
335 1372 552 1416 delectant
566 1403 580 1426 ,
605 1372 680 1415 sed
703 1372 866 1416 habent
891 1369 1104 1414 mutabile
1129 1369 1301 1425 semper

138 1453 376 1511 Ingenium
400 1469 414 1497 ε
439 1453 518 1496 via
540 1454 677 1511 longa
701 1451 812 1495 mari
834 1451 1048 1509 terrisque
1077 1452 1276 1495 colorem

141 1535 297 1579 Fuscat
312 1567 325 1587 ,
353 1535 399 1578 &
421 1532 650 1577 imminuit
672 1535 834 1577 robur:
854 1531 1035 1576 vestuta
1059 1532 1218 1576 severo

129 1616 232 1668 Dat
256 1615 378 1659 vires
403 1614 684 1672 pretiumque
712 1628 855 1659 mero.
881 1612 954 1657 Sic
979 1612 1122 1656 debile
1148 1626 1308 1669 corpus
1355 1642 1358 1643 γ

140 1695 309 1740 Obruit
336 1695 382 1738 &
404 1694 578 1739 validos
602 1695 728 1739 labor
752 1693 869 1738 idem
894 1695 1075 1740 roborat
1097 1695 1234 1738 artus.
1254 1729 1258 1733 ,

107 1814 119 1823 ,
145 1777 400 1834 AEquoreos
426 1775 535 1820 hinc
557 1789 637 1833 per
659 1775 808 1820 cursus
827 1803 842 1826 ,
866 1774 1087 1821 exercitus
1112 1774 1215 1818 aestu
1231 1806 1246 1829 ,

145 1858 216 1901 Ad
240 1858 315 1901 sua
336 1856 531 1901 nobilior
553 1869 735 1915 peregre
759 1855 872 1900 redit
894 1857 1054 1900 horrea
1070 1855 1282 1901 Bacchus.

209 1932 374 1983 Dulcia
397 1940 652 1996 languentes
676 1938 834 1981 morbo
851 1969 863 1991 ‚
890 1937 1102 1996 generosa
1124 1938 1327 1980 valentes

144 2020 197 2071 JV
199 2020 270 2064 ina
296 2022 427 2063 beant
442 2051 457 2074 ‚
483 2019 684 2063 violenta
709 2015 835 2062 viros
851 2049 866 2070 ‚
891 2016 1142 2061 mollissima
1164 2030 1354 2061 matres:

144 2100 349 2146 Candida
374 2113 467 2143 non
490 2101 681 2144 tolerant
705 2101 868 2157 longos
897 2097 1040 2142 aestate
1066 2100 1266 2148 calores3

151 2181 405 2239 Frigoribus
422 2211 435 2233 ,
460 2179 600 2237 pofita
625 2179 708 2223 vix
730 2181 827 2224 fece
842 2212 855 2234 ,
882 2180 1090 2224 bibuntur
1109 2195 1120 2224 ι
1147 2181 1198 2224 ab
1220 2181 1328 2224 albis

154 2262 344 2319 Optima
360 2261 460 2304 sunt
475 2274 571 2317 quae
590 2259 698 2303 vina
716 2259 861 2304 fluunt
880 2260 1050 2317 Apiana
1068 2261 1284 2305 racemis:

154 2342 315 2399 Dulcis
340 2341 387 2386 in
413 2355 491 2386 ore
518 2342 648 2399 sapor
670 2340 899 2399 vivaxque
924 2342 972 2385 in
998 2342 1178 2399 pectore
1205 2344 1364 2387 virtus.

154 2424 262 2468 Non
285 2423 444 2466 humus
470 2424 581 2467 hanc
612 2423 760 2467 omnis
787 2422 974 2467 feliciter
1000 2425 1154 2467 educat
1178 2436 1313 2467 uvam

151 2503 271 2566 Quae
297 2517 436 2568 genus
461 2505 507 2553 δε
530 2517 697 2554 nomen
720 2506 866 2554 servet
891 2521 904 2553 z
930 2505 1191 2565 frigentibus
1216 2506 1330 2567 agris
