1482 2834
137 228 251 308 378
340 231 690 287 PRAEDII
738 231 1123 289 Rus-,rtet

131 330 360 376 Pascendis
386 331 553 376 inarata
576 332 700 378 feris.
727 333 961 377 Uberrima
987 338 1267 390 quamquam·
1317 330 1331 346 ⁵

131 412 303 457 Vestiat
326 414 459 456 herba
482 413 626 456 solum
646 427 660 462 ς
681 412 866 472 pingues
896 413 940 456 δι
963 414 1015 456 ab
1040 412 1142 456 ilice
1170 409 1352 470 glandes·

131 493 353 537 Turbidus
379 493 574 537 excutiat
598 493 755 550 pennis
777 492 1058 536 stridentibus
1083 492 1267 547 Auster,
1334 515 1337 521 ·

127 574 284 628 Quum
309 574 394 618 nix
421 590 527 620 arva
549 586 669 634 teget
685 608 699 629 ,
718 577 793 620 vel
818 575 952 619 inerti
979 574 1144 634 frigore
1167 575 1310 617 nudos

130 655 269 698 Terra
295 655 412 699 finus
440 656 739 715 constringet3
765 657 851 700 erit
875 656 1114 713 supplenda
1138 669 1216 712 per
1236 655 1374 697 altum

130 733 306 778 Siccior
330 736 461 779 herba
484 751 640 781 nemus
660 753 675 788 3
705 737 851 794 pofito
867 735 969 794 ‘quo
994 738 1120 780 dama
1145 749 1342 793 pavore,

127 813 241 869 Quo
265 817 439 872 lepores
455 848 470 870 ‚
490 815 580 874 quo
604 830 762 861 torvus
787 831 892 874 aper
909 848 923 871 ,
945 816 1174 873 piEkusque
1199 814 1379 860 decoris.

131 898 380 953 Capreolus
405 898 589 942 maculis
603 931 617 953 ,
642 900 687 943 &
709 899 841 942 foedis
866 898 1040 942 naribus
1063 911 1170 940 urus
1185 928 1201 951 ‚

130 977 279 1034 Atque
303 979 427 1022 leves
451 992 617 1036 capreae
634 1011 649 1032 ‚
672 977 861 1035 celfique
885 977 935 1020 in
956 990 1122 1020 cornua
1145 975 1270 1020 cervi

131 1055 422 1104 Conveniam
448 1075 459 1103 :
488 1073 620 1116 quam
644 1069 694 1101 tu
718 1058 891 1115 specula
915 1057 1093 1101 securus
1119 1057 1171 1100 ab
1195 1057 1282 1100 alta

134 1140 367 1197 Despicies
391 1139 560 1184 variam
585 1139 756 1183 circum
781 1137 992 1195 praesepia
1016 1149 1194 1195 gentem
1209 1150 1226 1181 t

134 1221 202 1264 'Ut
231 1220 380 1264 caveis
408 1234 544 1278 quum
567 1219 671 1264 festa
695 1218 786 1263 suis
812 1221 1023 1262 eduxerat
1050 1217 1163 1261 olim

135 1300 281 1345 Roma
305 1300 418 1344 feras
435 1332 450 1353 ‚
473 1301 667 1357 laetoque
692 1300 820 1342 dabat
844 1297 1087 1355 spectacula
1111 1297 1251 1342 circoi

197 1381 411 1437 Impensae
430 1379 545 1424 levis
562 1379 622 1423 est
639 1380 949 1437 quodcumque
967 1376 1220 1434 paravimus
1237 1393 1249 1422 τ
1269 1379 1402 1435 agro!

136 1462 384 1507 Immensos
410 1462 574 1505 vallare
592 1492 605 1513 ‚
631 1459 744 1503 feras
769 1457 967 1502 inhibere
991 1458 1195 1516 fugaces:

134 1536 239 1586 'Hoc
264 1557 377 1599 opus
394 1573 407 1594 ‚
433 1542 525 1585 haec
549 1539 675 1599 longi
700 1540 842 1583 moles
867 1538 1054 1595 operosa
1077 1537 1257 1582 laboris.

139 1625 248 1667 Non
271 1624 413 1680 placet
437 1624 696 1666 humentem
718 1620 874 1665 formis
893 1633 1164 1677 componere
1187 1623 1384 1671 terram}
1459 1626 1463 1630 ’

140 1705 314 1748 Fronde
337 1701 606 1760 superposita
623 1735 636 1755 ‚
667 1700 774 1745 teffi
798 1701 899 1745 vice
925 1715 940 1750 ;
965 1700 1164 1757 qualibus
1189 1700 1350 1744 hortos

141 1783 385 1828 Parietibus
409 1782 696 1842 gravidasque
720 1782 864 1825 solent
888 1771 1158 1825 circumdare
1181 1779 1321 1824 vites·
1343 1822 1345 1824 .

137 1851 334 1910 ¹Terreus
361 1865 547 1908 hiberno
572 1863 728 1908 senfim
755 1862 1053 1919 corrumpitur
1080 1860 1250 1914 imbre,

144 1949 199 1990 Et
223 1949 400 2004 lepores
428 1944 590 1988 claudit
615 1945 729 1986 male
756 1954 855 1986 tuto
881 1956 1050 1986 carcere
1076 1956 1245 1985 murus·

204 2030 300 2071 Nec
326 2039 401 2071 tua
428 2026 669 2084 praecinges
699 2024 836 2068 dunis
865 2024 1040 2068 vivaria
1062 2022 1260 2082 lymphis
1276 2036 1292 2067 ε

146 2109 324 2153 Scilicet
349 2107 578 2165 oppositus
603 2119 760 2149 cervos
787 2104 1080 2148 remorabitur
1105 2103 1246 2146 amnis
1262 2133 1279 2155 ,

146 2188 341 2233 Horrida
351 2187 442 2245 qui,
456 2185 660 2230 timidum
672 2199 936 2243 quamquam
947 2199 1100 2241 pecus,
1111 2197 1289 2242 aequora
1298 2188 1478 2230 tranant}

146 2270 266 2313 Laeta
290 2279 444 2325 petant
464 2265 645 2325 Cypriis
664 2278 714 2308 ut
738 2278 857 2308 trans
884 2278 1003 2308 mare
1026 2264 1182 2320 pascua
1205 2263 1351 2309 terris.

143 2351 272 2394 Alter
299 2349 348 2392 in
376 2348 555 2392 alterius
581 2359 706 2405 tergo
733 2343 877 2402 capita
907 2346 992 2388 alta
1016 2356 1270 2400 reponunr3

140 2433 464 2489 ‹Alternantque
488 2428 642 2478 vices3
664 2428 708 2473 &
734 2426 812 2486 qui
836 2424 960 2484 prior
984 2439 1143 2486 agmen
1166 2425 1351 2486 agebat&-
