1500 2886
523 244 825 300 Llssssn
869 240 923 300 1.
1050 235 1054 237 ’
1243 256 1318 318 27

142 344 243 389 1²0st
261 346 413 402 epulas
431 344 654 389 hincinde
672 346 823 389 sedent
842 345 886 388 δι
904 340 1077 401 grandis
1093 342 1254 384 Arator
1271 375 1286 395 ‚

82 427 301 470 Horridus
321 427 366 470 δι.
382 426 524 470 custos
542 440 762 483 caprarum
775 458 790 478 ‚
816 424 1062 480 oviumque
1081 420 1282 480 magister
1299 427 1317 475 ,‘

81 509 228 564 Atque
252 509 491 552 lacertosus
514 503 668 551 Foffor
681 539 694 559 ‚
723 506 940 561 durusque
966 504 1182 547 Bubulcus
1198 519 1212 547 2

81 587 256 631 Avulsis
282 588 315 631 fi
343 602 440 646 quae
466 587 601 631 ramis
629 587 794 631 haesere
810 618 823 640 ‚
853 570 1044 629 tenaces
1130 626 1135 628 a

80 668 323 711 Secernunt
345 670 498 718 oleas3
526 668 794 724 detonsaque
822 668 992 710 vellera
1018 676 1235 723 purgant3

80 747 136 791 Et
160 747 330 792 findunt
345 780 357 800 ,
385 747 657 805 lymphaque
677 749 862 791 domant
890 742 1096 789 Amerina
1121 743 1312 788 calenti}
1368 768 1371 770 —

80 827 258 871 Vnibus
283 818 358 871 aut
382 836 544 871 acuunt
566 829 712 872 vanos
730 859 744 880 ,
770 838 847 870 aut
871 825 1044 870 vimine
1070 828 1195 869 lento

79 906 335 951 Conficiunt
359 909 554 952 calathos
574 925 588 959 3
609 909 684 952 sua
703 917 786 952 nec
807 907 1042 962 jucundius
1061 907 1247 964 usquam
1299 935 1303 937 -

77 988 272 1047 Agr-estes
297 989 450 1034 videas
475 991 703 1034 decurrere
725 989 859 1045 pensa
884 988 1072 1033 Puellas.

136 1071 328 1114 Villicus
355 1071 536 1115 accensa
566 1086 669 1115 nam
695 1071 800 1114 dum
826 1071 919 1114 face
948 1070 1111 1128 fingula
1137 1068 1284 1112 lustrat
1301 1102 1314 1122 ,

74 1151 131 1195 Et
154 1152 320 1195 clausas
346 1151 499 1195 invifit
523 1159 635 1195 oves
653 1182 666 1204 ,
693 1160 1014 1207 numerumque
1040 1151 1268 1199 recenset3
1298 1176 1301 1178 >

75 1232 170 1274 Nec
198 1232 363 1275 Pueros
383 1261 398 1282 ‚
417 1231 704 1289 timidamque
730 1220 869 1275 Pati-is
897 1231 1129 1287 praesentia
1154 1231 1315 1274 Natam
1376 1239 1380 1242 ’

79 1311 295 1354 Continet
313 1327 325 1355 :
345 1311 419 1355 illa
435 1313 602 1355 bonum
618 1343 632 1365 ,
653 1325 786 1369 quem
804 1310 934 1370 fingit
952 1304 1097 1355 amare
1116 1345 1128 1365 ‚
1150 1313 1399 1354 Menalcam

77 1391 295 1435 Dulcibus
323 1391 573 1450 aggreditur
595 1390 744 1436 verbis
765 1406 779 1441 3
798 1389 1091 1448 stolidumque
1118 1393 1314 1450 maligno

76 1472 287 1530 Illaqueat
312 1472 516 1517 sermone
537 1506 551 1528 ‚
577 1473 682 1517 suos
705 1482 756 1517 ut
782 1474 827 1517 δι
857 1472 950 1530 ipse
973 1467 1163 1516 viciffim

76 1552 278 1609 Explicet
295 1586 308 1607 ‚
336 1554 380 1596 &
405 1568 540 1598 rauco
565 1544 696 1598 cantu
719 1553 898 1598 testetur
922 1548 1096 1597 amores
1116 1569 1133 1604 ;

75 1633 230 1690 speret
243 1635 287 1678 &
300 1635 404 1678 hinc
419 1637 591 1679 laudem
605 1667 618 1689 ‚
634 1636 771 1680 risum
787 1645 965 1693 quoque
981 1637 1108 1678 ducat
1122 1629 1313 1684 honori--²

76 1713 222 1770 Atque
246 1714 375 1768 jocos
399 1722 562 1760 vecors
590 1727 683 1760 non
709 1716 866 1760 sentiat
891 1716 1008 1760 inter
1032 1717 1211 1760 acerbos

74 1795 234 1839 Illudat
262 1795 391 1854 nigro
418 1795 537 1854 quod
565 1796 770 1842 Thestilis
801 1795 1004 1854 improba
1029 1798 1161 1841 succo
1178 1829 1192 1849 ‚

75 1875 130 1918 Et
153 1876 313 1920 faciem
337 1877 583 1921 conscribat
601 1893 614 1922 ε
633 1878 797 1921 habent
815 1891 916 1920 nam
935 1887 1072 1935 pagus
1094 1878 1138 1920 &
1156 1878 1285 1922 urbes

75 1955 177 1999 Hoc
203 1956 437 2000 hominum
466 1967 606 2016 genus
634 1959 687 2001 ad
709 1957 836 2014 vulgi
861 1957 1046 2001 ludibria
1071 1969 1254 2006 natum;

76 2037 206 2091 Quos
231 2037 412 2094 impune
438 2038 556 2097 pigri
573 2038 708 2082 bovis
734 2038 866 2082 instar
890 2039 1090 2082 acumine
1114 2051 1281 2097 pungas
1298 2071 1314 2093 ,

75 2115 258 2173 Quique
280 2116 454 2162 fibi'vel
479 2129 628 2176 aperta
652 2118 768 2162 inter
795 2119 1002 2164 convicia
1028 2122 1254 2176 plaudant.
1288 2150 1291 2153 -

136 2197 353 2241 AEsculeis
381 2198 546 2243 teclum
575 2199 678 2258 pilis
707 2200 918 2258 suspende
950 2198 1115 2245 Coloni

75 2277 163 2322 Pro
179 2277 356 2322 'foribus
373 2310 386 2331 ‚
412 2279 487 2323 sua
513 2293 603 2337 quo
629 2280 822 2324 defendit
844 2280 1038 2338 tegmine
1063 2282 1252 2338 plaustra

72 2356 127 2400 Et
151 2358 272 2401 dolat
296 2357 503 2404 hibernos
528 2374 679 2405 currus
703 2361 749 2405 δε
773 2372 910 2405 aratra
934 2372 1012 2419 per
1038 2362 1216 2408 imbres.
1274 2393 1287 2399 ‚,

133 2438 182 2485 Si
206 2439 260 2485 fit
285 2453 386 2485 rure
412 2441 619 2500 ftequens
651 2441 737 2487 iter
767 2442 814 2489 δι
839 2442 1022 2490 solenne
1041 2477 1054 2499 ‚
1085 2446 1310 2490 tabernam
1370 2468 1376 2473 -
