1500 2834
154 238 262 299 128
386 237 724 294 PRAEDH
767 236 1148 295 Rvsrlcz

136 339 418 397 Percoquat3
444 340 488 382 δ(
513 339 672 382 salibus
699 338 900 396 gravidet
923 338 1017 381 sola
1041 332 1199 381 fertilis
1224 335 1318 388 aar.

142 421 301 463 Scrobs
331 433 478 464 autem
505 434 622 465 cono
648 420 802 464 fimilis
832 419 1023 463 fodiatur
1043 451 1056 472 ,
1083 430 1134 461 ut
1162 417 1256 476 agri

139 500 360 544 Interiore
391 501 486 544 finu
517 501 642 544 radix
671 499 826 543 diffusa
854 511 1041 558 vagetur
1129 551 1141 572 Ἰ

139 581 304 624 Laxius
324 598 338 632 ;
360 583 404 625 δι
422 581 587 625 nimios
605 582 765 625 humus
785 580 953 623 extima
972 580 1146 636 respuat
1165 572 1346 624 imbres.

203 661 381 705 Semina
404 661 521 705 resta
543 663 662 719 leges
682 694 695 715 ,
723 660 856 704 nullis
882 660 1096 704 deformia
1122 659 1253 702 nodis

139 742 460 799 Ulceribusque
481 757 493 785 ε
515 741 651 798 tripes
672 742 803 785 arbor
821 741 905 784 tria
922 740 1098 784 brachia
1117 741 1278 796 pandet
1292 754 1310 789 3

138 823 204 866 Ut
230 823 420 866 mediam
447 834 594 866 teneat
619 823 664 866 se
689 821 888 876 firmine,
914 833 1045 879 atque
1073 832 1301 864 comantes

136 904 192 946 In
215 905 415 960 patulum
443 916 589 961 ramos
617 902 848 959 spatiofior
873 902 1069 958 explicet
1095 901 1267 944 orbem.

135 984 302 1028 'Venali
328 999 384 1028 ne
411 986 537 1028 crede
562 982 696 1026 nimis
723 998 736 1026 ε
761 996 862 1025 nam
888 984 1001 1038 saepe
1025 996 1105 1038 per
1128 982 1283 1025 urbem

136 1064 390 1109 Vendibilis
415 1047 570 1118 iactata
589 1096 602 1116 ‚
628 1063 727 1106 solo
753 1062 989 1118 deponitur
1018 1063 1146 1105 arbor

135 1145 234 1188 Jam
263 1158 403 1201 prope
429 1144 566 1197 ficca,
595 1143 671 1186 diu
694 1142 882 1186 nimium
911 1142 1015 1199 quia
1041 1143 1199 1198 pabula
1224 1143 1354 1186 tellus

137 1224 271 1267 Nulla
298 1224 416 1269 dedit
441 1239 455 1274 ;
479 1224 602 1281 spem
618 1224 731 1280 saepe
754 1236 876 1266 tuam
901 1222 1124 1266 frustratur
1139 1254 1153 1276 ‚
1173 1222 1361 1280 agrestes

137 1304 431 1362 Ingratosque
455 1305 598 1347 ferens
625 1303 816 1349 mentito
841 1302 1024 1346 nomine
1049 1303 1233 1348 fruCtuS.
1457 1295 1484 1350 ὅ..

199 1387 362 1429 Semen
387 1398 494 1442 agro
514 1384 632 1426 dabis
658 1383 749 1439 ipse
776 1395 855 1426 tuo
875 1398 890 1432 ·,
911 1383 1186 1440 primamque
1209 1383 1385 1440 parabis
1463 1391 1466 1393 ’

137 1465 380 1510 Arboribus
408 1465 601 1522 segetem
629 1478 642 1508 ε
670 1463 702 1505 fi
728 1463 864 1506 desint
888 1463 1080 1517 semina,
1111 1465 1261 1508 mollis

136 1548 308 1592 Arbore
338 1545 580 1590 detrahitur
605 1559 752 1588 ramus
770 1577 782 1598 ,
808 1546 1061 1603 claususque
1089 1545 1246 1604 lagena

137 1628 207 1672 Ad
235 1628 412 1684 tepidos
440 1627 570 1671 alitur
599 1627 714 1670 soles
742 1626 1008 1683 pluvialibus
1038 1625 1184 1670 undis.

138 1709 188 1752 Si
210 1710 358 1753 fontes
383 1708 501 1751 bibat
523 1709 659 1764 usque
683 1721 866 1757 novor,
888 1707 977 1762 jam
1002 1699 1354 1764 mense'perasto

137 1791 349 1835 Truditur
374 1805 433 1833 ex
461 1790 550 1832 ima
575 1790 754 1833 brevior
778 1790 968 1833 radicula
996 1801 1119 1846 parte
1140 1804 1153 1833 ε

137 1871 345 1916 Robustis
373 1883 469 1914 tum
495 1873 643 1927 planta
669 1870 778 1914 cibis
804 1871 995 1915 nutritur
1013 1903 1025 1924 ,
1049 1870 1293 1927 humusque

141 1953 268 1996 Trita
293 1966 427 1995 manu
452 1952 660 1995 miscetur
678 1966 799 2008 aquae
821 1968 833 1996 ς
857 1966 966 1995 mox
985 1951 1149 1995 cortice
1168 1963 1300 2006 rupto
1316 1955 1338 2004 ,'

137 2035 291 2088 Quum
312 2046 484 2077 teneras
504 2031 738 2076 meditatur
755 2033 882 2076 hians
903 2032 1122 2076 arbuscula
1141 2032 1316 2075 frondes
1332 2062 1351 2085 ‚

135 2115 415 2170 Deponenda
432 2114 530 2156 solo
550 2111 610 2156 est
625 2145 638 2164 ‚
658 2111 960 2169 tractandaque
979 2111 1174 2156 molliter
1194 2127 1208 2161 ·,
1228 2110 1321 2155 acri

136 2198 207 2240 Ne
235 2195 389 2238 bruma
418 2194 634 2250 torpescat
660 2193 777 2237 iners
794 2227 806 2247 ‚
835 2207 909 2237 aut
934 2196 1026 2238 sole
1054 2194 1184 2237 fitive

137 2279 326 2329 Ardeat,
347 2275 590 2319 immodico
614 2276 687 2318 vel
713 2276 871 2331 palleat
895 2275 1013 2318 ebria
1040 2288 1170 2331 potu.

162 2367 166 2373 ·
198 2356 387 2402 Arborei
411 2354 548 2412 porro
575 2356 689 2399 fetus
716 2370 809 2398 non
837 2356 1042 2398 omnibus
1073 2369 1200 2412 aeque

139 2437 416 2486 Proveniunt
439 2435 554 2497 agris
582 2452 596 2484 ε
626 2449 768 2496 acque
798 2434 921 2484 enim
947 2435 1155 2483 nutritius
1181 2434 1299 2477 idem-
1398 2498 1402 2502 η

1202 2514 1379 2559 Humor
