1500 2886
72 295 74 298 ·
131 279 206 337 66
371 279 696 335 PRAEDJI
757 272 1124 336 Rvs‘rlct

130 383 255 437 Saepe
283 392 364 423 nec
390 378 573 438 ingratis
600 381 721 423 ultro
746 389 993 423 remoratur
1017 379 1204 423 amicam

129 461 364 517 Questibus
383 493 398 515 ,
424 461 694 519 increpitans
723 461 868 519 spicas
895 464 1050 506 tellure
1074 461 1248 505 relictas
1267 476 1286 511 ς

130 544 194 586 Ut
216 544 367 586 vultus
393 544 634 602 oculosque
659 556 779 588 retro
805 554 1036 589 convertat
1060 543 1108 587 in
1134 543 1298 600 ipsum.

132 622 349 668 Mess‘ores
374 625 533 682 reliqui
559 626 718 670 somno
734 659 747 679 ‚
778 626 851 670 sed
878 621 1079 670 dulcibus
1107 626 1240 669 ambo

132 705 387 762 Colloquiis
412 704 566 750 fractas
591 719 796 764 reparant
818 707 915 764 post
939 706 1119 764 prandia
1143 706 1264 749 vires
1284 721 1296 750 τ

131 786 316 844 Jamque
337 786 487 831 animo
507 786 737 832 instituunt
756 821 769 842 ,
802 788 887 846 qua
906 790 1004 847 lege
1023 787 1236 832 feracibus
1256 785 1372 844 agris

127 865 394 924 -Imperitent
411 900 424 921 ‚
455 868 736 927 placidosque
762 882 915 929 regant
940 869 988 913 in
1011 883 1118 927 pace
1143 880 1341 926 penates.

172 990 175 993 Α
195 949 347 1003 Quum
364 948 452 1004 jam
470 960 605 993 'notus
622 961 747 995 amor
763 951 957 1007 patribus
968 984 987 1014 .,
1008 949 1217 1009 dignique
1231 948 1441 992 videntur
1497 978 1500 990 .

136 1028 340 1088 Coniuge
363 1029 436 1074 vir
461 1025 715 1087 conjuxque
740 1030 880 1080 viro;
907 1031 1118 1087 desponsa
1141 1040 1342 1087 parentes

139 1109 371 1154 Continuo
397 1111 530 1154 certis
557 1110 736 1154 firmant
759 1111 978 1154 connubia
1004 1110 1164 1167 pastis.

136 1192 255 1234 Tum
282 1193 357 1235 vel
383 1191 581 1235 amicitia
607 1191 746 1246 iuneti
772 1194 847 1236 vel
876 1192 1088 1250 sanguine
1114 1190 1225 1235 totis

138 1273 347 1330 Undique
374 1283 641 1317 concurrunt
664 1273 789 1332 pagis
810 1307 822 1328 ,
852 1275 896 1317 &
920 1273 1109 1333 agrestia·
1123 1274 1270 1318 secum

138 1354 274 1397 Dona
295 1354 441 1398 ferunt
457 1387 470 1408 ,
495 1355 712 1412 taedasque
738 1367 892 1412 parant
916 1357 1133 1399 celebrare
1156 1353 1346 1413 iugales.

200 1435 438 1493 Expeaata,
463 1435 557 1480 dies
580 1437 658 1480 ubi
681 1436 769 1491 jam
794 1437 998 1501 processit
1015 1470 1027 1490 ‚
1060 1438 1104 1480 &
1131 1436 1229 1481 alba

142 1517 410 1561 Cunstantes
435 1528 583 1562 manet
607 1517 843 1575 impatiens
869 1519 920 1562 in
941 1517 1059 1562 veste
1083 1517 1281 1565 sacerdos
1302 1533 1318 1566 ·,

141 1601 257 1642 Ante
282 1601 400 1645 fores
419 1632 432 1652 ‚
462 1599 648 1657 ipsoque
673 1599 830 1643 domus
855 1598 903 1642 in
926 1598 1081 1642 limine
1100 1631 1112 1652 ‚
1140 1597 1285 1656 sponfi

141 1680 441 1725 Procumbunt
460 1679 509 1725 in
532 1690 673 1739 genua
691 1695 703 1723 ε
724 1693 880 1737 parens
903 1679 1129 1736 utriusque
1151 1680 1376 1723 madentes

141 1761 349 1804 Procedit
373 1761 533 1804 ficcans
559 1762 714 1804 oculos
736 1775 750 1810 3
783 1761 827 1804 δι
852 1772 1002 1804 amore
1027 1770 1213 1817 paterno

142 1841 328 1885 Praemia
343 1842 472 1900 digna
484 1874 496 1893 ‚
513 1853 692 1884 manum
708 1842 870 1885 tollens
885 1853 985 1884 cum
999 1851 1121 1884 voce
1131 1874 1143 1895 ,
1160 1848 1377 1898 precatur.

143 1924 331 1980 Templa
357 1933 544 1979 petunt3
572 1921 684 1965 vitu}
716 1922 901 1978 sponsus
925 1921 1123 1965 bicolore
1151 1923 1347 1979 galerum

145 2005 343 2048 Ornatus
361 2036 375 2057 ,
403 2001 535 2060 virgo
559 2003 710 2045 vultus
736 2001 899 2055 dejecta
923 2001 1143 2045 modestos
1163 2034 1176 2054 ‚

144 2088 291 2143 Atque
310 2083 444 2129 novis
463 2084 619 2127 sudore
638 2083 783 2126 madet
801 2082 877 2124 sub
895 2082 1090 2126 vestibus
1113 2095 1124 2123 :
1145 2083 1276 2126 ambo
1294 2115 1312 2136 ,

146 2169 342 2211 Numine
361 2166 464 2209 teste
484 2197 498 2219 ,
524 2165 644 2207 sacro
664 2162 939 2220 conjungunt
955 2164 1121 2207 foedere
1144 2164 1320 2207 dextras

150 2249 255 2292 Sole
275 2247 419 2305 nigras
437 2280 449 2300 ‚
482 2259 744 2304 quamquam
761 2256 962 2301 purgatas
982 2244 1146 2288 furfure
1166 2246 1310 2288 multo
1327 2260 1343 2294 ·,

148 2330 469 2386 Tympanaque
487 2328 530 2371 &
550 2326 749 2384 cytharas
768 2323 884 2367 inter
900 2355 913 2371 ,
936 2324 1123 2367 clamosa
1142 2323 1351 2378 juventus

151 2411 386 2454 Deducunt
403 2442 415 2462 ‚
445 2408 653 2465 sponsum
678 2403 803 2462 pueri
820 2437 831 2457 ‚
861 2417 1132 2462 nuptamque
1158 2405 1335 2460 puella.

151 2491 268 2535 Tum
291 2490 439 2549 prisco
463 2491 516 2533 de
542 2501 667 2532 more
690 2485 843 2542 iubent
870 2498 1106 2544 utrumque
1131 2485 1278 2529 sedere
