1482 2834
110 199 238 276 284
356 202 692 263 PnAEntt
735 205 787 262 R
809 207 1107 262 σεῖἰσι

111 304 320 348 Donatos
345 306 525 362 perimit
549 308 663 352 fetus
689 323 704 358 ·,
725 307 929 365 'natisque
955 306 1171 351 reclusam

111 383 362 428 Ostendens
390 388 535 431 lucem
555 421 568 440 ,
593 389 704 432 lucis
734 403 856 446 pater
881 388 1045 446 impius
1073 388 1202 431 usum

113 464 259 522 Eripit
286 481 299 510 ε
325 466 495 512 effreno
521 470 693 514 tantum
721 470 782 514 est
807 470 854 513 in
879 483 1029 513 amore
1054 467 1246 513 furoris!

173 545 225 588 Id
243 559 444 592 metuens
471 550 639 594 dulcem
667 551 882 595 fruticofis
908 549 1093 594 foemina
1118 553 1298 606 partum

112 624 360 671 'Abscondit
385 631 560 675 latebris
578 665 590 685 ‚
619 633 662 676 δι
686 631 1026 690 longa-ambage
1051 612 1228 673 viarum
1245 660 1260 682 ,

114 706 320 751 Circuitu
344 710 509 768 longo,
536 726 767 756 nemorum
795 728 873 770 per
901 713 1123 768 inhospita
1147 725 1284 754 veros

115 787 372 833 Diffimulat
399 792 528 836 calles
550 807 564 842 ;
585 794 825 851 oculosque
853 808 931 850 per
957 793 1109 837 omnia
1129 792 1299 836 circum

117 868 287 928 Erigit,
316 873 555 918 observans
582 889 638 919 ne
664 889 804 932 pavus
832 875 874 918 ὃ(
902 874 995 930 ipse
1022 871 1211 916 viciffim

119 951 317 996 Occulta
345 953 526 999 timidos
551 956 796 1012 speculetur
820 957 870 1000 ab
895 956 1048 998 arbore
1076 953 1260 1012 greffus.'

188 1034 307 1076 Mox
335 1036 410 1078 ubi
435 1038 657 1093 pullorum
690 1052 788 1094 pars
819 1035 1071 1089 editalucis
1101 1035 1149 1077 in
1179 1049 1305 1079 auras

123 1113 296 1159 Prodiit
322 1131 337 1165 ;
367 1117 587 1162 exsultans
613 1117 802 1162 successu
826 1132 940 1176 pava
957 1150 969 1170 ‚
997 1118 1288 1172 laborumque

125 1195 368 1251 Impatiens
386 1229 399 1246 ,
425 1196 608 1255 reliquis
635 1211 727 1240 non
753 1197 942 1252 amplius
969 1196 1145 1240 incubat
1171 1195 1275 1239 ovis
1291 1210 1308 1240 ὲ

126 1276 224 1319 Nec
242 1275 382 1333 magis
402 1278 522 1320 ardet
542 1276 660 1320 iners
682 1277 794 1318 male
813 1289 915 1319 nata
934 1277 1140 1332 poimata
1160 1277 1300 1321 Vates

127 1356 268 1398 Edere
291 1387 305 1408 ‚
325 1353 456 1412 quam
484 1356 631 1411 pullos
657 1354 753 1398 avis
779 1356 1011 1400 ambitiosa
1035 1370 1236 1401 recentes

133 1436 306 1481 Gestiat
330 1450 354 1479 e
379 1435 556 1479 latebris
583 1435 629 1478 in
657 1447 856 1493 apertum
882 1438 1065 1480 educere
1097 1440 1283 1481 coelum.‘

201 1516 432 1559 Continuo
458 1530 690 1559 nemorum
720 1531 860 1560 caecos
887 1518 1078 1560 scrutare
1102 1518 1316 1567 recess'us3

136 1598 330 1655 Ovaque
356 1597 388 1639 fi
411 1596 576 1654 reperis
594 1629 606 1650 ‚
634 1597 827 1640 formosa
853 1597 998 1640 Puella
1016 1630 1029 1650 ‚
1054 1611 1257 1655 teporem

137 1680 209 1724 Ne
235 1680 395 1736 pudeat
421 1680 581 1722 calidas
609 1678 725 1721 intra
751 1678 952 1735 supplere
980 1678 1194 1735 papillas,

141 1761 453 1816 Maternasque
475 1759 598 1803 vices
627 1760 818 1815 pulchrae
845 1759 1045 1802 conferre
1071 1756 1278 1808 volucri:

141 1843 345 1889 Caesareo
372 1841 429 1883 fic
456 1854 544 1883 ova
568 1839 661 1883 finu
688 1839 898 1896 tepefacta
923 1839 1104 1884 fovebat

141 1923 274 1968 Livia
291 1956 304 1977 ‚
330 1923 495 1980 regales
523 1922 714 1979 gaudens
743 1921 976 1964 excludere
1006 1921 1174 1975 pullos.

204 2004 404 2048 Nutricis
430 2013 575 2060 partes
603 2001 735 2046 etiam
762 2001 794 2043 fi
821 2001 936 2046 forte
962 2000 1105 2046 subire

143 2086 211 2131 Te
237 2085 384 2143 pigeat
410 2099 425 2133 3
450 2096 614 2140 pavum
641 2081 823 2138 reliquis
850 2080 1034 2139 adjunge
1062 2082 1327 2135 novellum}

144 2167 349 2223 Accipiet
368 2199 381 2217 ‚
402 2177 676 2221 numeroque
701 2162 862 2205 Parens
886 2162 1102 2205 laetabitur
1129 2163 1278 2208 aucto·

146 2248 309 2305 Aspice
337 2259 585 2290 maternum
615 2242 745 2301 quam
770 2241 911 2285 dulcia
937 2243 1094 2299 gaudia
1115 2255 1310 2288 mentem

146 2329 403 2374 Pertentant
427 2342 441 2375 ;
468 2315 525 2368 ut'
546 2335 661 2368 amat
687 2322 853 2367 sobolis
880 2321 1064 2379 stipante
1090 2322 1267 2367 caterva

146 2409 330 2457 Prodire
346 2440 360 2464 ‚
388 2408 434 2454 δι
462 2405 558 2452 tota
587 2404 787 2463 plausum
813 2402 891 2450 fibi
923 2417 1118 2462 quaerere
1141 2401 1266 2449 vina.
