1500 2886
121 187 223 268 »fvj
394 186 1107 249 ⁴EPIs‘roLA.⁸

164 330 356 369 ramur.
407 313 629 388 Jamque
678 311 828 389 apud
879 329 1104 368 oratores
1151 310 1350 394 constat
1389 319 1416 382 ‚¹
1481 383 1484 387 ¹

151 434 276 470 non
312 413 487 469 habere
523 414 647 468 illos
687 411 826 469 unde
863 413 1077 468 meliora
1114 411 1412 487 eloquentia

163 515 475 570 documenta
498 514 724 590 sumant
741 557 764 583 ,
805 509 962 588 queim
984 511 1048 594 si
1079 531 1125 569 te
1162 512 1413 570 dicentem

161 612 220 672 in
251 615 478 691 publicis
517 615 808 672 Provinciae
869 615 1093 671 comitiis
1133 614 1415 672 audierint.

165 714 447 793 Quantum
473 718 532 773 in
554 715 933 794 pertraclandis
946 716 1184 794 negotiis
1198 758 1218 789 ,
1249 715 1417 792 rebus-

150 838 258 902 que
289 819 519 894 publicis
556 818 983 901 administrandis
1006 817 1294 894 proficiunt
1325 818 1418 892 qui

161 934 209 974 te
247 914 470 994 propius
516 919 821 990 intuentur,
864 918 1146 975 declaravit
1191 917 1415 998 cequtſji-

163 1039 280 1076 mus
309 1040 472 1075 rerum
503 1019 777 1101 aestimator
806 1019 1110 1076 Ludovicus
1135 1018 1373 1096 Magnus
1394 1060 1414 1090 ,

161 1120 250 1194 qui
282 1120 590 1197 Cursonium
606 1121 789 1196 filium
820 1139 969 1176 tuum
993 1116 1300 1195 prafeffurd
1323 1119 1417 1174 do-

159 1221 311 1278 navit
357 1220 674 1300 ampliffi'md
706 1263 724 1292 ‚
777 1242 888 1277 non
940 1239 1049 1277 tam
1087 1220 1414 1298 perpendens

146 1321 275 1395 ejus
324 1321 497 1377 annos
527 1362 551 1391 ‚
591 1317 750 1395 qucim
795 1322 1149 1397 exemplorum
1205 1338 1413 1377 tuorum

156 1423 267 1482 vim
291 1465 310 1494 ,
339 1424 741 1498 praelatamque
778 1423 926 1479 illius
957 1420 1188 1478 indolem
1214 1419 1413 1504 fizustis

144 1522 252 1600 sub
275 1523 628 1598 penetralibus
666 1522 962 1579 enutritam.
993 1523 1072 1578 Et
1096 1519 1414 1598 quamqua'm

164 1622 289 1699 usus
326 1641 456 1700 togae
492 1625 828 1699 tranquillior
855 1641 902 1680 te
937 1645 972 1680 a
1000 1623 1236 1702 gerendis
1269 1625 1416 1680 bellis

161 1741 449 1797 amoveret,
480 1726 568 1781 ubi
589 1741 764 1781 tamen
778 1725 1069 1783 Provincia
1082 1724 1241 1802 Jalus
1268 1743 1316 1781 te
1342 1725 1421 1780 ad

160 1845 309 1881 arma
347 1821 644 1905 capeffenda
685 1826 932 1901 compulit
950 1869 972 1897 ‚
999 1823 1263 1902 perspeffd
1298 1827 1418 1882 ani-

158 1926 234 1982 mi
259 1926 339 1980 tui
364 1925 725 2006 magnitudine
739 1969 761 1996 ,
792 1927 958 2001 reique
979 1926 1168 1981 bellicae
1187 1924 1416 2000 peritid,

157 2045 271 2082 non
307 2025 480 2101 longis
519 2025 878 2102 experimentis
908 2068 929 2095 ,
952 2024 1059 2101 sed
1091 2026 1228 2082 mira*
1265 2027 1417 2103 inge-

159 2125 240 2182 nii
259 2123 555 2200 sagacitate
577 2125 743 2201 partd
761 2168 779 2197 ‚
815 2125 1216 2206 exercitattſjimi
1252 2128 1411 2183 bella-

161 2242 296 2281 tores
322 2227 375 2280 'te
404 2268 423 2297 ‚
463 2247 574 2282 non
612 2224 937 2307 consiliorum
971 2227 1128 2282 modo
1162 2270 1180 2299 ‚
1210 2227 1318 2303 sed
1354 2224 1408 2285 ὃ*

160 2346 419 2382 armorum
453 2327 666 2382 Ducem
687 2326 1051 2402 sequebantur.
1087 2327 1171 2383 At
1204 2349 1269 2384 ne
1310 2349 1408 2384 cce-

148 2443 268 2482 ·tera
319 2426 661 2512 intempestive
718 2447 1100 2488 commemorem
1137 2469 1160 2504 2
1207 2446 1408 2505 quanto
