1482 2834
135 184 245 260 176
367 185 699 240 PRAEDII
746 170 1117 242 Rvsrtct

125 285 192 328 En
216 285 328 329 redit
354 284 402 328 in
426 287 589 330 vulnus
621 286 818 329 nondum
845 286 958 328 bene
985 284 1086 327 sana
1110 282 1319 336 cicatrix;
1365 268 1368 270 ’

126 367 220 408 Nec
247 365 329 408 nifi
353 364 459 409 flere
484 364 610 420 iuvat
625 399 638 419 ,
673 365 848 423 quoties
876 363 1040 408 funesta
1064 356 1284 407 recursant

127 446 376 503 Tempora,
404 461 500 504 quae
527 458 674 489 tantos
705 446 850 491 Gallis
876 446 1018 489 fecere
1046 445 1243 490 dolores·

187 529 388 572 Funereo
412 529 565 585 plenas
593 527 713 572 ludin
737 526 915 586 graffata
938 532 1017 582 per
1040 526 1169 569 urbes
1186 555 1201 577 ,

127 607 275 663 Maius
299 609 453 653 adorsa
478 610 601 654 nefas
619 641 632 663 ,
656 609 817 653 sacram
842 605 1057 671 prorepfit
1082 605 1131 648 in
1156 605 1300 648 aulam

127 689 268 746 Impia
286 691 414 734 Mors
431 704 446 740 ·,
469 691 512 734 &
531 692 634 734 dum
651 689 821 747 peragit
844 689 922 732 Sol
941 701 1111 730 annuus
1132 687 1285 731 orbem
1302 716 1318 739 ‚

125 770 346 827 Delphini
369 770 539 827 periere
566 771 654 814 duo
680 785 694 819 ·‚
720 767 920 826 senisque
947 768 1098 812 diebus

127 850 476 895 Interiittenera
501 850 696 907 Sponsus
722 864 822 894 cum
853 848 1053 907 Coniuge
1079 863 1093 898 ·‚
1121 849 1260 891 Natus

127 930 398 975 Defunstum
417 932 560 988 spatio
585 930 780 988 sequitur
804 930 1015 987 propiore
1039 929 1268 973 Parentem
1283 935 1301 981 ,⁴

128 1013 275 1070 Atque
298 1026 390 1056 uno
420 1010 600 1066 Coniux
625 1011 669 1053 &
687 1010 772 1053 Vir
799 1009 971 1064 iacuere
999 1010 1181 1057 feretro.

189 1091 385 1136 Affliaas
414 1091 502 1146 jam
527 1091 621 1135 dira
644 1091 780 1135 sames
809 1091 853 1133 &
877 1086 1022 1134 flebile
1046 1091 1212 1133 bellum

129 1175 486 1231 Morborumque
517 1173 678 1215 cohors
702 1170 932 1215 viduarant
956 1169 1127 1214 civibus
1156 1170 1305 1216 urhesa

128 1255 307 1300 Publica
332 1255 419 1298 fata
446 1254 601 1296 dolens
627 1252 834 1308 Princeps
864 1250 1140 1309 Burgundius
1164 1253 1285 1295 ultro

129 1339 186 1382 Se
211 1350 332 1381 nova
362 1334 564 1379 divinum
594 1347 691 1390 quae
719 1332 915 1375 flec‘teret
938 1331 1086 1390 hostia·
1103 1345 1269 1375 numen
1285 1362 1300 1385 ,

128 1420 360 1461 Devovet.
387 1414 553 1458 Audisti
578 1415 702 1456 Deus
732 1416 742 1457 !
773 1424 817 1456 at
840 1412 872 1455 fi
898 1412 1044 1456 lenior
1069 1411 1155 1455 effe

131 1500 301 1543 Funere
326 1497 532 1540 debueras
550 1527 562 1547 ‚
592 1496 759 1550 populo
787 1493 892 1550 quid
915 1493 1038 1537 obire
1067 1494 1244 1538 volenti

129 1579 310 1626 Parcere
329 1610 342 1631 ‚
369 1591 450 1620 nec
472 1588 638 1619 tantam
664 1585 849 1617 numero
873 1574 1053 1630 pensare
1080 1574 1288 1618 ruinam?

191 1662 359 1704 Irarum
384 1658 487 1702 satis
512 1657 572 1702 est
592 1674 602 1700 :
626 1667 833 1700 armatam
852 1656 901 1698 in
925 1657 1108 1699 vulnera
1128 1657 1335 1703 ¹dextram

133 1740 242 1786 Siste
263 1756 278 1791 ς
298 1754 512 1797 novoque
531 1772 544 1792 ,
568 1741 691 1782 Deus
705 1771 718 1791 ‚
744 1752 799 1781 ne
823 1738 975 1782 funere
998 1738 1128 1781 funus
1152 1737 1301 1780 acerba
1317 1750 1334 1785 ς

133 1824 189 1866 Et
212 1834 355 1866 totam
383 1820 560 1878 penitus
587 1819 668 1861 nifi
699 1832 823 1861 mens
850 1816 1101 1861 exscindere
1126 1829 1301 1875 gentem
1320 1848 1337 1870 ,

134 1903 227 1948 Uni
252 1903 372 1960 quod
395 1899 584 1958 superest
607 1898 772 1955 capiti,
800 1913 890 1955 quo
916 1898 1012 1941 vita
1039 1899 1237 1955 salusque
1480 1941 1482 1954 ε

134 1984 313 2029 Publica
336 1982 425 2038 iam
454 1983 615 2025 dudum
641 1981 833 2037 pendent
850 2012 862 2031 ,
887 1978 1099 2036 placatior
1125 1979 1206 2022 uni
1470 1976 1482 2029 ἐξ

137 2067 272 2110 Parce
289 2066 413 2107 Deus
436 2067 445 2107 l
468 2074 602 2118 tuque
622 2092 635 2113 ‚
652 2060 681 2103 ὃ
697 2058 874 2102 Lodoix
891 2091 904 2112 ,
923 2059 1000 2115 qui
1020 2073 1201 2118 magnus
1221 2048 1417 2102 inarmis
1432 2086 1446 2110 ,
1470 2054 1482 2112 ἑ

138 2145 288 2199 Major
312 2144 359 2186 in
386 2142 575 2186 adverfis
605 2142 781 2183 Numen
805 2152 921 2182 nunc
946 2141 1074 2182 rebus
1103 2140 1256 2182 adoras
1273 2172 1287 2192 ‚
1471 2114 1482 2168 4

138 2226 286 2270 Maste
314 2224 474 2267 animis
493 2255 506 2276 ‚
535 2222 579 2264 ὅ(
603 2234 732 2278 quam
758 2218 943 2275 partitur
970 2219 1117 2262 Gallia
1141 2231 1286 2263 tecum
1305 2251 1322 2274 ,

139 2305 379 2351 Tristitiam
402 2303 532 2348 fortis
558 2302 786 2359 compesce
812 2317 827 2351 ·,
851 2311 1017 2356 tuoque
1046 2302 1247 2344 dolentes

141 2391 210 2433 Ne
237 2387 429 2447 populos
455 2398 650 2433 moerore
678 2395 810 2444 grava
839 2397 851 2433 ε
878 2380 1032 2431 solatia
1057 2380 1189 2432 nobis
1475 2432 1482 2527 1

1319 2456 1367 2504 si
