1500 2834
478 223 790 279 LIBER
870 222 944 280 V.
1224 238 1329 301 143

98 322 256 370 Gaude
275 321 307 365 fi
326 319 433 381 quid
450 323 588 367 adhuc
605 337 703 368 mea
721 336 846 367 curas
870 339 884 368 ε
898 323 1056 381 plenus
1076 319 1229 383 amicis

94 405 211 459 Quae
231 405 408 447 dederas
428 403 616 447 monitis
629 435 645 457 ,
673 402 838 448 fructus
856 417 952 447 non
966 416 1117 461 quaeto
1132 403 1334 446 laborum

94 484 245 540 Qudm
271 485 384 528 mihi
407 499 522 542 quos
547 484 663 529 ruris
687 486 773 529 fert
798 484 1020 541 inculpata
1044 485 1274 541 voluptas·

94 566 144 609 Si
176 581 261 623 qua
287 567 372 610 fuit
401 567 623 623 quondam
651 578 697 609 te
725 564 840 609 vivo
864 565 980 609 fama
996 596 1009 617 ‚
1036 566 1232 622 placebat

92 647 175 690 lna
203 646 313 700 mihi
329 679 344 700 ,
370 645 473 704 quia
496 658 542 689 te
569 644 725 702 pronis
753 647 973 688 recreabat
999 645 1048 688 in
1071 644 1198 688 annis
1216 661 1230 688 ε

51 714 66 720 ’
90 727 192 773 Jam
218 741 290 770 me
314 728 434 770 nulla
460 738 618 770 movet
642 739 741 782 quae
765 736 810 769 te
835 739 931 770 non
958 724 1105 782 gloffa‘
1126 725 1302 784 tangit;

61 809 66 812 '
90 807 261 852 Natalis
286 820 370 850 nec
398 805 488 862 jam
517 805 670 863 capior
699 805 929 851 dulcedine
953 805 1090 856 coeli;

89 889 244 946 Teque
259 888 433 931 absente
447 889 592 944 placet
610 887 781 932 tannim
798 886 911 932 mihi
930 887 1074 932 Patria
1090 919 1104 941 ‚
1124 903 1292 931 nomen

89 968 229 1024 Qubd
256 968 365 1013 coli't
385 969 462 1012 illa
480 981 608 1013 tuum
625 1002 639 1023 ‚
662 968 783 1028 qubd
800 983 873 1014 me
891 968 1104 1014 veniente
1121 1002 1135 1023 ‚
1156 982 1329 1012 tuarum

89 1051 197 1093 Non
224 1050 363 1094 oblita
386 1050 499 1094 mihi
523 1050 700 1094 laudum
727 1049 951 1108 praeconia
978 1064 1115 1109 pagus

87 1132 239 1189 Usque
256 1130 374 1175 canit
391 1164 404 1185 ‚
425 1144 687 1189 mecumque
705 1132 826 1174 dolet
841 1163 856 1184 ‚
875 1144 1138 1188 mecumque
1156 1141 1385 1188 parentem

90 1212 231 1271 Luget
257 1212 302 1255 ὅ(
327 1212 404 1257 ille
427 1211 555 1256 suum
571 1243 586 1268 ,
610 1212 973 1270 defensoremque
1001 1210 1206 1270 requirit.
1374 1216 1379 1223 “
