1500 2834
571 259 888 321 LIBER
970 257 1042 312 V.
1167 275 1198 277 ·>
1302 271 1416 331 v131

183 361 279 406 Nec
305 361 416 406 ferat
443 360 589 406 exitio
615 361 892 419 reliquorum
920 356 1111 402 crescere
1125 352 1274 410 ¹vilem

186 442 388 487 Obscura
413 444 466 487 de
494 443 622 500 plebe
651 442 802 486 virum
819 474 832 495 ,
859 439 1103 497 nostraque
1125 435 1322 494 superbis

186 522 377 572 AEdibus'
396 525 442 567 δι
465 525 575 567 luxu
601 522 726 579 dapis
749 522 958 566 insultate
983 520 1139 564 ruiuae.
1405 509 1412 514 ’

248 605 304 646 In
328 603 491 647 teneris
511 616 775 660 quamquam
801 602 962 646 melius
984 601 1245 658 respondeat
1269 597 1403 650 annis.

184 683 341 727 Infitio
368 699 383 732 ;
405 683 439 726 fi
464 697 576 740 quos
603 695 753 727 tamen
777 685 1010 728 emendare
1034 683 1226 739 piacebit
1242 715 1255 734 ,

185 765 277 807 Aut
304 778 397 808 uno
428 764 581 808 varios
607 777 767 808 trunco
794 764 1068 807 confundere
1092 762 1258 811 fructus
1278 795 1290 815 ‚

185 847 292 889 Non
305 846 492 903 fimplex
507 848 665 891 modus
680 846 743 890 est
758 846 954 895 alienum
971 844 1214 888 immittere
1229 857 1427 902 germen.

244 926 385 972 Fiffus
410 926 532 971 enim
557 927 915 985 scalproffcortex
943 925 1136 982 aperitur
1161 936 1291 967 acuto
1310 940 1322 967 :

183 1009 293 1052 Non
307 1021 458 1051 tamen
473 1008 543 1064 (ut
557 1008 727 1052 Vatum
742 1007 949 1064 princeps
964 1004 1249 1060 monstrabat)
1266 1004 1314 1047 in
1330 1004 1428 1060 ipso

186 1087 290 1143 Qua
316 1088 489 1132 tunicas
515 1091 670 1132 oculus
698 1075 865 1145 rumpit
882 1121 896 1141 ,
923 1086 976 1130 fit
1000 1087 1161 1130 rimula
1191 1087 1313 1129 nodo
1335 1100 1350 1135 3

188 1169 276 1212 Sed
303 1169 456 1226 potius
485 1169 571 1227 qua
601 1169 647 1213 se
675 1171 847 1213 nullum
872 1170 926 1212 de
954 1168 1120 1211 cortice
1146 1167 1282 1211 trudit

191 1250 392 1295 Get-men
407 1283 420 1304 ,
441 1249 520 1294 ubi
539 1250 704 1294 nitidus
724 1252 850 1294 locus
869 1249 930 1292 est
947 1282 965 1303 „
983 1250 1028 1293 &
1046 1251 1167 1293 nulla
1185 1247 1370 1293 cicatrix
1385 1263 1401 1298 3

188 1331 258 1373 Ex
286 1331 369 1374 alia
395 1343 520 1375 tenet
544 1332 641 1375 huc·
663 1331 904 1376 includitur
931 1332 1085 1391 arbore
1114 1344 1281 1375 ramus.

250 1412 340 1454 Vel
356 1411 468 1454 caeso
484 1411 532 1455 iu
545 1412 658 1456 scuti
673 1413 833 1458 faciem
847 1427 950 1457 cum
966 1412 1132 1457 cortice
1145 1444 1158 1466 ‚
1180 1426 1401 1471 gemmam

188 1490 328 1552 Felici
356 1504 507 1536 natam
536 1494 657 1537 tollit
681 1495 735 1537 de
762 1493 894 1550 stirpe
923 1495 1112 1538 colonus
1131 1525 1146 1548 ‚

187 1574 349 1630 Deque
376 1573 617 1630 maritanda
646 1573 889 1619 decorticat
918 1575 1074 1618 arbore
1091 1606 1106 1628 ‚
1134 1574 1348 1632 quantum
1386 1601 1398 1607 -

190 1655 379 1698 Abstulit
407 1670 467 1699 ex
496 1655 582 1699 alia
611 1655 725 1699 corii
751 1671 763 1701 ε
789 1667 887 1700 tum
912 1656 1079 1701 foedere
1105 1655 1223 1700 mito

195 1739 397 1783 Germen
427 1738 688 1795 adoptivum
715 1738 868 1795 spatiis
892 1738 1131 1795 aequalibus
1157 1751 1296 1796 aptat.

194 1818 488 1863 COmmiffura
513 1821 610 1862 luto
635 1819 801 1877 tegitur
829 1834 845 1869 3
871 1818 1191 1878 constrictaque
1218 1822 1344 1864 lento

191 1900 377 1943 Vimine
405 1913 578 1959 gemma
594 1931 607 1953 ‚
628 1898 763 1945 novis
794 1898 1000 1943 inolescit
1023 1901 1195 1945 sedibus
1214 1902 1371 1946 haeres.

253 1980 494 2025 Arboribus
513 1981 691 2024 demum
709 1979 883 2037 superat
902 1995 1038 2038 quum
1053 1981 1262 2026 mollibus
1277 1983 1439 2026 humor
1453 1997 1470 2032 ·,

192 2061 381 2118 Eligitur
407 2073 522 2105 teres
537 2093 551 2114 ‚
582 2061 627 2104 δε
656 2060 820 2106 solidus
837 2093 851 2115 ,
881 2061 1143 2119 gemmaque
1167 2063 1390 2121 frequenti

176 2144 437 2192 *sarcinum
458 2141 575 2186 hunc
594 2154 755 2186 acuunt
772 2142 890 2187 fetro
906 2174 920 2195 ,
947 2143 1168 2201 cuneique
1186 2143 1376 2203 figurant

193 2225 247 2267 In
275 2221 468 2280 speciem
494 2237 509 2266 ε
533 2221 666 2267 ramis
690 2221 794 2268 dein
820 2222 1070 2268 infelicibus
1095 2226 1225 2269 arbor

190 2303 382 2347 Exuitur
399 2335 414 2357 ‚
436 2315 596 2348 vertex
622 2304 839 2348 resecatur
867 2319 882 2354 ς
911 2305 955 2348 &
983 2317 1085 2350 ante
1114 2305 1300 2353 subactis

192 2385 345 2440 Quam
362 2384 508 2429 media
529 2385 681 2430 cuneis
699 2385 777 2430 via
795 2384 979 2430 finditur
996 2388 1151 2433 arbore
1169 2421 1181 2442 ‚
1202 2401 1406 2434 truncum

206 2468 310 2522 (Ne
337 2466 527 2513 nimium
551 2467 760 2527 procedat
783 2465 911 2514 hians
937 2466 1145 2525 sciffura)
1170 2469 1317 2514 tenaci

1116 2548 1140 2594 1
1166 2547 1198 2604 ij
