1500 2886
501 286 549 346 L
568 296 600 346 1
622 294 665 346 B·
691 305 730 345 E
753 294 797 344 R
839 291 875 346 Ι
883 286 920 344 I
929 286 980 347 1.
1280 285 1347 345 81

123 382 358 434 Hircinum
370 422 381 443 ,
401 382 702 447 liquidamque
715 389 860 447 picem
872 423 885 443 ,
903 388 1193 445 bubulamque
1209 388 1460 432 medullam.

191 470 355 514 Hausta
375 469 612 514 cruentatis
632 469 709 512 ubi
734 470 929 512 faucibus
953 468 1076 512 haefit
1091 467 1252 512 hirudo
1271 495 1286 520 s

126 552 222 594 Nec
246 551 446 594 manibus
474 562 604 607 potes
630 547 827 592 infestam
852 550 1090 611 detrudere
1105 547 1301 605 pestem·,

131 632 358 676 Grandior
382 630 589 675 inseritur
616 629 802 673 diduffls
828 628 968 673 fistula
993 630 1119 672 malis
1140 645 1152 672 z

130 713 368 770 Suppofito
395 712 542 756 cimex
570 711 634 755 ita
663 711 820 756 deinde
844 711 1065 768 peruritur
1092 710 1194 768 igne
1215 736 1229 762 ‚-

131 794 195 836 Ut
219 794 350 837 tubus
373 804 578 849 acceptos
604 791 724 835 intus
750 791 1016 835 transmittat
1041 791 1218 834 odores.

130 873 276 917 Nidor
299 866 420 915 enim
448 871 591 929 prona
615 871 766 915 stantis
794 871 967 916 cervice
995 870 1173 926 juvenci

130 953 305 996 Liberat
330 950 516 996 obseffas
539 951 724 1003 faucem
756 952 801 995 &
830 953 883 996 ab
914 951 1032 994 illius
1063 965 1142 994 ore

131 1028 301 1090 Sponte
316 1033 447 1087 cadit,
459 1047 725 1091 quamquam
738 1047 833 1077 non
846 1035 977 1091 plena
993 1032 1179 1084 cruoris,
1192 1031 1370 1078 hirudo}

193 1114 320 1171 Saepe
337 1125 608 1158 venenatum
625 1113 788 1171 premit
805 1114 894 1157 heu
911 1117 926 1158 ·!
948 1114 1030 1157 bos
1050 1112 1210 1156 inscius
1230 1127 1417 1171 anguem
1435 1131 1452 1167 ,-

134 1194 284 1249 Quem
308 1205 439 1250 prato
462 1193 670 1237 recubans
693 1194 779 1237 alta
802 1206 897 1236 non
918 1192 1034 1237 vidit
1057 1193 1104 1236 in
1127 1195 1275 1238 herba.

135 1276 264 1318 Mole
289 1273 501 1319 laceffitus
523 1274 702 1331 serpens
726 1273 776 1316 in
800 1285 974 1331 tergora
998 1275 1192 1333 morsum

136 1355 363 1413 Imprimit
380 1387 395 1409 ‚
425 1355 470 1399 &
491 1366 617 1398 totos
641 1355 786 1398 labem
811 1336 995 1397 molirur
1019 1355 1067 1398 in
1092 1368 1230 1400 artus.

137 1436 407 1480 Lethiferum
430 1435 464 1478 fi
489 1436 576 1479 fata
601 1436 764 1479 dabunt
791 1437 1057 1494 cognoscere
1082 1439 1246 1481 vulnus
1268 1471 1280 1489 ‚

137 1517 298 1560 Rutam
317 1515 500 1560 adhibe:
520 1515 729 1559 membris
748 1515 839 1573 agit
854 1528 995 1559 atrum
1014 1530 1110 1561 ruta
1127 1533 1367 1563 venenum.

136 1597 285 1652 Quam
306 1608 356 1641 tu
374 1610 430 1640 ne
446 1596 650 1640 Medicos
667 1610 722 1639 ne
741 1597 867 1640 crede
883 1597 1153 1643 Machaonas
1171 1613 1308 1652 artem

136 1677 358 1722 Induxiss‘e
382 1693 396 1721 ι
421 1690 573 1720 comas
589 1709 602 1730 ‚
629 1675 783 1733 stirpes
801 1708 814 1730 ‚
843 1677 887 1720 δε
911 1691 1024 1721 vana
1048 1680 1291 1736 loquuntur

140 1758 337 1803 Nomina
359 1747 637 1814 plantarum}
666 1756 789 1801 vires
816 1758 1029 1816 usumque
1055 1762 1256 1804 medendi

142 1838 309 1884 Utilius
332 1839 499 1882 Natura
521 1838 651 1882 docet
674 1851 812 1895 genus
837 1852 971 1883 omne
995 1839 1201 1884 ferarum.

205 1918 390 1964 Mustela
413 1918 566 1964 didicit
590 1920 813 1976 quondam
837 1919 1102 1981 monstrante
1122 1925 1310 1967 colonus·

144 1999 367 2046 Tabificos
393 1999 500 2058 quid
526 2011 624 2043 ruta
647 2001 768 2043 valet
787 2000 1001 2057 serpentis
1027 2003 1080 2044 ad
1104 2002 1232 2048 istus.

142 2085 223 2127 Illa
247 2081 529 2126 reluctantem
548 2094 687 2138 quum
710 2081 825 2124 forte
850 2079 1071 2124 lacefferet
1090 2096 1275 2140 anguem
1296 2115 1310 2137 ,

144 2163 324 2210 Infectis
349 2162 525 2220 quoties
551 2162 760 2206 membris
787 2163 947 2206 lethale
971 2177 1194 2207 venenum

146 2245 359 2288 Hauserat
375 2275 389 2296 ,
414 2244 468 2287 ad
490 2255 633 2287 rutam
654 2242 828 2301 fugiens
848 2275 860 2295 ,
885 2243 1088 2300 ῐεᾶιιςιιε
1115 2245 1273 2287 salubri

149 2325 336 2368 Occulte
363 2323 584 2368 medicans
604 2356 619 2378 ,
645 2337 739 2367 non
763 2323 939 2381 segnior
963 2323 1051 2367 ibat
1076 2324 1124 2366 in
1147 2324 1332 2370 hostem.

149 2405 353 2448 Rusticus·
381 2405 555 2450 excelso
581 2419 675 2449 rem
701 2404 937 2449 demiratus
963 2406 1015 2447 ab
1039 2418 1145 2462 agro
1168 2436 1183 2459 ‚

151 2486 325 2531 Avulfis
344 2517 357 2541 ‚
387 2501 484 2545 quae
509 2487 603 2534 sola
627 2486 713 2535 fuit
730 2517 745 2543 ‚
767 2485 982 2532 radicibus
1005 2486 1182 2530 herbam

1101 2567 1149 2619 E
