1482 2834
122 229 236 290 272
356 212 697 268 PRAEDII
742 204 1117 263 Ryshct

118 315 190 358 Tu
213 315 245 357 fi
270 313 444 370 quando
471 313 618 355 mades
643 309 757 354 vino
775 342 787 363 ,
810 298 1340 363 numerumquelue'erffis

119 392 344 438 Acceffiffe
369 393 496 437 vides
512 425 526 446 ‚
550 393 594 435 &
620 390 735 435 testa
761 387 998 433 trementia
1018 382 1151 429 volvi
1165 397 1182 432 3
1334 379 1344 389 ²

122 477 277 532 (Dum
302 474 527 518 stomacho
551 472 709 516 Bacchi
734 470 896 515 tacitus
921 467 1144 512 deferveat
1168 462 1298 506 ardor
1315 471 1344 514 „3

121 557 178 598 Et
202 555 413 600 membris
442 570 568 599 mens
597 555 698 598 sana
725 552 813 597 tuis
839 546 1110 595 commercia
1134 544 1244 590 vitae

122 635 281 679 Libera
305 635 532 694 restituat)
562 635 594 678 fi
621 634 727 692 quid
752 632 867 690 sapis
886 660 899 685 ‚
929 631 1084 675 occule
1110 625 1227 671 caeca

122 717 162 758 N
169 714 268 759 octe
287 716 497 772 probrum
511 748 524 768 ‚
541 715 660 759 facili
678 716 783 758 dans
801 711 1006 770 languida
1023 709 1221 762 membra,
1235 700 1404 760 sopori.

124 797 263 839 Poena
282 807 429 840 tamen
447 808 596 839 manet
616 795 752 853 usque
771 810 784 839 ι
802 793 917 851 vigil
937 787 1178 835 ssaccess‘ere
1197 781 1360 830 nervos
1373 812 1388 834 .

123 878 181 921 Et
206 889 384 934 torpere
410 876 535 935 gravi
565 887 694 932 caput
718 873 949 931 experiere
978 871 1151 915 dolore.

188 959 251 1002 Ut
275 959 474 1001 medeare
499 959 618 1000 malo
635 989 649 1009 ,
675 969 769 999 non
792 954 853 999 est
876 951 1131 1010 praesentius
1154 949 1296 992 ullum

128 1039 388 1092 Auxilium,
416 1038 552 1096 quam
577 1038 610 1080 fi
634 1037 763 1081 terris
787 1037 883 1083 faba
906 1033 1029 1077 miffa
1055 1030 1216 1076 Sabaeis

128 1120 343 1165 Intumuit
367 1120 533 1164 nitidos
561 1119 775 1178 sartagine
799 1117 909 1162 tosta
933 1130 1012 1174 per
1038 1114 1162 1174 ignes
1178 1143 1196 1164 ,

130 1200 342 1258 Tritaque
367 1215 478 1244 mox
502 1200 662 1244 validis
688 1199 803 1242 intra
827 1195 1037 1240 mortaria
1065 1192 1169 1251 pilis
1185 1223 1201 1247 ,

129 1281 332 1326 Diluitur
355 1280 539 1338 lympha
555 1313 569 1333 ‚
594 1279 798 1337 facilique
823 1275 1028 1337 parabilis
1054 1287 1147 1319 arte

131 1364 339 1407 Vulcano
365 1360 571 1420 coquitur
595 1376 610 1411 ;
639 1362 780 1404 donec
804 1372 885 1403 vas
910 1357 1063 1415 pulvis
1078 1356 1141 1400 'ad
1165 1355 1310 1398 imum

132 1443 325 1488 Venerit
344 1474 358 1495 ,
385 1443 429 1484 &
458 1441 602 1498 pofito
628 1441 925 1484 mansueverit
952 1440 1090 1484 ollula
1117 1448 1264 1482 motu·

132 1523 359 1570 Fictilibus
387 1522 508 1565 rufos
538 1520 700 1578 pateris
725 1520 909 1563 defunde
933 1517 1166 1575 liquores:

134 1606 256 1653 Adde
285 1602 515 1660 peregrina
539 1599 690 1644 dulces
716 1600 770 1643 ab
793 1597 1004 1642 arundine
1031 1597 1186 1641 succos
1202 1609 1220 1646 3

134 1684 231 1729 Ora
254 1684 407 1740 sapore
432 1681 550 1726 calix
572 1695 628 1724 ne
655 1678 791 1723 tristia
815 1680 944 1722 laedat
967 1669 1133 1722 amaro.

198 1764 398 1814 Divinos
424 1762 559 1805 alium
585 1761 737 1805 latices
765 1759 990 1803 adhibebis
1021 1759 1069 1802 in
1095 1759 1253 1808 usum}

137 1848 227 1891 Seu
253 1848 410 1903 longas
439 1858 554 1900 opus
578 1841 639 1885 est
665 1840 813 1884 studiis
838 1841 1060 1883 traducere
1086 1838 1236 1882 noites
1254 1853 1271 1887 3

139 1927 247 1972 Sive
272 1939 427 1984 graves
454 1923 589 1980 capiti
617 1923 816 1966 tenebras
841 1921 1064 1964 induxerit
1087 1919 1268 1968 Auster,

140 2009 228 2051 Seu
252 2018 444 2049 nocuere
468 2005 599 2060 dapes
625 2018 638 2046 ι
665 2002 746 2045 illo
771 2000 1061 2047 medicamine
1086 2001 1225 2044 Vates

140 2086 376 2145 Ingenium
399 2085 603 2128 emendet
620 2115 633 2136 ,
657 2081 868 2138 laetusque
894 2081 1054 2124 infecta
1082 2081 1272 2124 resumat

143 2168 353 2212 Carmina
380 2182 395 2216 ;
420 2179 502 2209 nec
529 2165 675 2208 fontes
700 2162 811 2205 alios
830 2194 846 2214 ,
868 2161 1024 2218 quibus
1054 2175 1132 2205 ora
1159 2161 1308 2204 Poetae

143 2247 396 2295 Proluerint
412 2279 425 2299 ,
452 2243 624 2290 fluxiffe
651 2243 749 2286 solo
773 2245 888 2285 male
916 2244 1062 2287 credat
1079 2241 1272 2286 Achivo-

209 2328 386 2374 Graecia
408 2327 560 2378 felices
585 2325 777 2367 Arabum
805 2323 1029 2366 dominata
1050 2337 1130 2380 per
1158 2337 1257 2366 otas
1274 2351 1289 2376 ‚

146 2410 381 2456 Castalium
406 2408 536 2450 nobis
561 2420 655 2450 non
669 2404 899 2458 *invidiosa
923 2404 1143 2461 liquorem

147 2494 249 2538 Huc
274 2488 391 2538 dedit
414 2488 549 2546 usque
572 2502 583 2533 ε
611 2485 722 2530 lucri
745 2499 864 2529 nunc
890 2483 980 2528 dira
1002 2484 1161 2541 cupido
1184 2480 1378 2538 represfit

1206 2562 1379 2607 Aonios
