1500 2834
489 257 794 314 LIBER
861 256 949 313 V..
1083 304 1086 307 ,
1223 270 1334 330 1²7

91 358 221 401 Nunc
249 354 404 400 turrita
427 354 546 401 viret
569 373 584 407 ;
609 356 738 414 longi
765 369 883 400 nunc
906 367 1027 401 torta
1048 354 1219 401 colubri

92 437 267 481 Prosilit
290 437 339 480 in
363 438 522 482 faciem
546 454 559 482 ε
586 437 724 495 pafl‘as
749 450 868 480 nunc
894 435 1088 494 explicat
1110 437 1200 480 alas

92 518 230 561 Instar
254 519 352 562 avis
367 551 381 571 ‚
406 519 584 575 superas
616 532 715 574 quae
744 516 841 560 visa
867 529 1019 562 tenere
1041 518 1200 560 volatu

92 598 240 642 Velle'
254 590 401 658 plagas
417 632 432 653 ,
455 600 592 643 heret
615 597 800 655 pedibus
829 599 987 642 tellure
1015 596 1189 641 refixis.

152 679 223 721 Ad
250 680 541 736 quascumque
568 680 698 722 voles
722 677 863 736 magis
889 677 1120 736 ingeniosa
1146 676 1309 735 figuras

92 760 244 802 Taxus
268 760 317 803 in
342 758 518 816 irriguis
547 758 714 805 crescet
737 758 976 802 sormofior
995 758 1142 801 *hortis
1160 773 1174 801 z

94 840 201 884 Sive
230 841 488 883 rotundatur
511 839 631 887 ferro
647 870 661 892 ,
687 838 901 895 terrisque
927 837 1144 892 iacentem

95 921 355 982 Orbiculata
381 922 563 979 globum
586 919 727 965 reddit
754 935 767 964 ε
796 918 993 963 ᾱιιᾶἰίνε
1017 934 1097 976 per
1124 932 1265 963 artem

92 1002 338 1046 Frondnbus
363 1002 578 1045 aethereos
605 1000 805 1045 imitatur
828 999 994 1044 flexilis
1019 1015 1143 1044 arcus
1161 1031 1177 1056 ,

97 1084 185 1127 Vel
215 1083 321 1127 solis
347 1084 496 1126 radios
513 1115 528 1134 ‚
558 1081 733 1140 gracilis
755 1083 832 1125 vel
857 1095 1022 1126 cornua
1043 1084 1160 1126 lunae
1178 1098 1195 1127 z

99 1165 188 1207 Seu
214 1164 423 1207 detonsus
453 1178 569 1220 apex
595 1163 645 1206 in
673 1176 860 1206 acumen
883 1163 1067 1216 definit,
1096 1165 1196 1206 altae

101 1246 349 1303 Pyramidis
375 1245 463 1288 ritu
489 1260 504 1295 3
530 1246 606 1289 seu
630 1259 799 1303 gnavus
827 1244 877 1288 in
904 1259 982 1288 ota
1010 1246 1201 1289 ferarum

101 1330 190 1370 Aut
214 1328 448 1370 hominum
470 1341 618 1370 ramos
644 1324 800 1371 Ohtor
821 1325 944 1396 jubet
969 1326 1034 1370 ire
1058 1328 1284 1384 sequaces.

164 1407 283 1461 Quid
298 1409 455 1464 loquar
467 1420 543 1450 aut
555 1409 760 1466 myrthus
773 1407 964 1451 humiles
978 1440 991 1461 ,
1007 1420 1083 1451 aut
1097 1406 1279 1464 praemia
1286 1407 1456 1450 Vatum

102 1487 266 1530 Pierias
288 1490 437 1532 lauros
455 1520 470 1541 ‚
497 1499 571 1531 aut
599 1486 751 1539 flexile
779 1487 934 1531 vimen
962 1488 1136 1532 acanthi
1152 1521 1166 1542 ,

104 1568 416 1627 Hirsutamque
445 1569 587 1613 comis
615 1569 772 1625 pinum
800 1568 1027 1626 tristesque
1058 1569 1317 1626 cup'reffos?

105 1651 228 1705 Quid
254 1653 479 1707 platanum
500 1651 545 1693 &
563 1643 675 1705 ripis
700 1651 842 1692 laetam
861 1649 1113 1693 declivibus
1137 1650 1286 1693 alnum
1303 1666 1320 1700 ;

107 1732 295 1788 Vosque
321 1730 558 1789 peregrino
584 1730 706 1773 cafiae
732 1744 831 1787 quae
862 1743 1003 1787 nuper
1028 1732 1080 1774 ab
1109 1732 1216 1775 orbe
1250 1766 1254 1770 .

105 1812 302 1856 Venistis
318 1845 332 1865 ‚
359 1826 535 1855 murum
563 1812 730 1856 dociles
755 1810 942 1864 vestire,
965 1813 1292 1871 domorumque

108 1892 232 1936 Atria
255 1906 362 1936 vete
386 1905 512 1935 novo
541 1892 669 1936 sceui
696 1893 904 1936 decorare
928 1893 1126 1949 virenti3

108 1977 263 2032 Teque
287 1974 523 2018 susurranti
548 1971 648 2032 quae'
670 1976 838 2032 popule
867 1976 1109 2020 couti-emis
1138 1975 1290 2021 umbra
1308 2010 1324 2030 ‚

115 2059 169 2099 Et
185 2070 228 2100 te
243 2056 360 2100 abies
375 2070 474 2114 quae
490 2054 605 2112 paffa
619 2068 768 2100 truces
784 2056 833 2099 in
846 2056 1073 2101 montibus
1088 2058 1269 2102 Austros
1284 2091 1299 2114 ,

111 2138 180 2183 Ad
208 2151 327 2181 mare
351 2138 584 2181 descendes
608 2137 721 2182 alios
743 2138 893 2181 visura
914 2140 1163 2184 tumultus?

174 2218 372 2261 Invitant
399 2217 489 2262 alie»
515 2219 665 2276 pomis
694 2233 780 2264 nos
806 2219 1002 2264 dulcibus
1028 2220 1164 2265 horti.

115 2300 203 2344 Hic
223 2301 345 2342 labor
360 2331 374 2353 ‚
393 2300 497 2343 hinc
514 2313 702 2358 operum
719 2306 885 2344 merces
905 2301 1115 2357 speranda
1131 2301 1304 2346 colonis
1322 2318 1336 2347 z

117 2382 234 2438 Ergo
260 2394 385 2425 novo
410 2380 500 2436 jam
523 2383 644 2427 Vere
670 2367 825 2427 manus
848 2382 1050 2426 adhibere
1073 2384 1280 2428 cavandis

117 2462 296 2510 Edicam
322 2462 544 2511 scrobibus
559 2463 766 2522 ,vitium
787 2462 958 2511 telluris
982 2475 1035 2509 ut
1053 2464 1194 2510 AEstas
