1500 2886
137 284 214 363 96
378 284 707 366 PRAEDH
754 282 1122 344 Rvsrtct

134 385 375 429 Excubitor
401 365 711 430 fidus'tueatur
737 385 878 430 ovilia
895 419 908 438 ,
937 387 1056 431 futes

133 469 280 524 Atque
303 469 436 525 lupos
463 464 555 511 uno
586 467 716 511 vocis
745 479 912 511 terrore
941 469 1178 525 repellenss‘

194 548 422 593 Herbosos
449 548 619 605 placide
644 547 786 592 custos
811 550 1017 606 lenteque
1042 562 1122 606 per
1146 562 1277 606 agros

66 626 69 629 ⁴
131 628 278 673 Ducat
294 627 645 683 oves,stimulans
662 630 1120 688 pigras,properafque
1139 631 1365 674 coercens«

131 713 173 752 A
198 725 327 768 grege
352 712 599 755 deerrantes
627 722 812 754 revocet
831 743 845 762 ‚
878 712 954 754 vel
981 710 1157 754 stridula
1179 712 1365 755 fundens

131 791 268 835 Sihila
287 824 300 844 ‚
331 793 406 835 vel
431 804 561 835 notas
587 802 719 835 rauco
745 793 851 834 dans
878 804 1053 850 gutture
1077 806 1215 837 voces
1276 783 1281 787 ’

128 874 251 916 Irato
281 872 433 916 fimilis
460 888 471 916 ε
498 885 626 929 partu
655 872 847 915 resoluta
879 872 1046 916 recenti

129 952 179 997 Si
206 967 291 1011 qua
315 954 412 997 solo
442 955 672 997 decumbat
699 953 818 997 iners
838 985 851 1007 ,
882 953 1128 1017 cervicibus
1158 966 1317 1012 aegram

129 1034 376 1091 Suppofitis
405 1045 588 1078 matrem
614 1035 762 1077 subeat
780 1066 793 1087 ‚
818 1035 1094 1092 mollemque
1119 1035 1305 1092 tepenti

130 1115 378 1158 Admoveat
404 1112 574 1172 gremio
600 1111 799 1157 sobolem
815 1147 828 1167 ,
856 1113 1154 1172 monstretque
1174 1113 1364 1172 parenti.

189 1197 455 1239 Morborum
478 1194 582 1239 sciat
608 1195 653 1238 δε
675 1193 823 1239 causas
845 1227 859 1248 ,
889 1195 1104 1254 usumque
1129 1196 1331 1240 medendi
1349 1228 1364 1250 ,

128 1279 184 1322 Et
210 1276 361 1321 varios
389 1276 493 1320 coeli
525 1287 706 1330 mores,
737 1277 781 1319 &
808 1275 966 1333 pascua
996 1289 1124 1332 rura,

129 1359 242 1413 Quae
269 1357 459 1414 pretium
485 1359 594 1400 lanae
619 1353 783 1400 faciunt
801 1389 813 1408 ,
843 1357 1052 1415 carnique
1081 1359 1281 1415 saporem

129 1439 383 1484 Conciliant
409 1455 421 1481 z
449 1439 569 1481 norit
598 1438 685 1496 qua
714 1439 966 1495 tempestate
994 1439 1172 1482 resectis

127 1520 380 1566 Velleribus
407 1520 585 1563 nudabit
611 1534 721 1564 oves
743 1553 756 1573 ‚
788 1534 880 1578 quo
911 1532 1113 1577 tempore
1138 1518 1306 1576 pastum

126 1602 287 1660 Exiget
307 1631 320 1652 ‚
353 1602 397 1644 &
422 1602 569 1645 fontes
599 1601 756 1644 saturis
786 1601 998 1657 praebebit
1029 1599 1214 1644 amicos.

189 1684 412 1728 Pascendo
442 1682 474 1725 fi
501 1697 633 1739 quem
663 1696 817 1726 tenues
844 1680 1111 1739 cognoscere
1138 1694 1260 1724 curas

127 1766 234 1808 Non
257 1763 378 1821 piget
406 1795 419 1816 ,
460 1763 694 1806 occiduum
717 1762 891 1806 stabulis
917 1761 1104 1820 egress'us
1131 1763 1184 1804 ad
1213 1762 1365 1805 orbem

127 1845 267 1890 Pellat
291 1858 417 1887 mane
445 1857 596 1902 greges
623 1845 667 1886 ὅ(
691 1844 873 1900 vespere
897 1843 1002 1886 solis
1027 1844 1080 1885 ad
1105 1854 1253 1885 ortum
1273 1858 1286 1885 ς

125 1928 270 1970 Ardor
295 1924 414 1968 enim
440 1935 571 1966 nocet
596 1922 804 1966 armentis
824 1951 837 1972 ,
869 1922 902 1965 fi
930 1933 1070 1978 prona
1094 1934 1331 1980 vagantum

127 2007 226 2051 Sint
255 2005 412 2049 ovium
441 2003 583 2059 capita
610 2003 792 2045 adverso
820 2002 1038 2045 contraria
1062 2002 1163 2045 soli.

186 2086 328 2144 Eligat
352 2084 554 2142 inprimis
581 2098 674 2126 non
697 2083 853 2140 pascua
879 2085 975 2126 laeta
993 2116 1005 2135 ‚
1036 2083 1235 2126 bidentes

126 2171 238 2224 Quae
259 2169 450 2211 saturant
471 2200 482 2220 ,
512 2166 585 2209 sed
603 2176 719 2208 amet
738 2164 857 2208 ficcis
879 2165 926 2207 in
945 2164 1130 2207 collibus
1145 2164 1320 2208 herbam
1339 2196 1355 2217 ,

123 2249 358 2294 Nobiliore
387 2260 519 2304 pecus
549 2244 647 2289 lana
679 2259 774 2301 quae
802 2244 931 2287 vestit
961 2244 1165 2287 ovillum.

123 2330 313 2374 Mollior
331 2329 391 2372 est
410 2361 423 2382 ,
453 2329 711 2385 dulcemque
730 2326 861 2369 refert
881 2325 928 2368 in
947 2339 1074 2368 carne
1095 2325 1292 2382 saporem

126 2409 395 2467 Gangeticus
418 2440 431 2461 ,
450 2410 605 2465 thyma
623 2404 701 2465 qui
719 2406 856 2463 carpit
875 2406 1111 2463 fragrantia
1131 2438 1143 2459 ,
1162 2417 1350 2448 vervex.

183 2489 394 2535 Autumni
414 2502 468 2534 ne
487 2488 628 2545 prima
645 2488 804 2534 timens
825 2486 900 2531 fibi
917 2487 1082 2547 frigora
1099 2485 1245 2531 Pastor
1265 2517 1284 2536 ,

1144 2565 1348 2610 Imbelles
