1500 2886
118 267 199 344 '78
322 267 687 322 PRAEDII
731 265 1170 322 Rvsrlct

121 369 206 412 Per
231 367 376 412 varias
408 368 466 412 fic
493 370 611 411 mula
636 367 762 412 vices
791 368 836 411 ὅ(
863 366 1071 424 ephippia
1101 363 1266 424 gestans

123 449 407 507 Clitellasque
433 450 530 493 suas
548 482 560 502 ,
586 447 790 492 Domino
816 449 937 504 quod
961 446 1097 491 seffile
1122 459 1295 503 tergum

109 531 372 574 «Praebuerat
387 564 401 584 ,
430 532 555 576 dabat
584 532 628 574 δί
649 530 774 589 ligno
799 529 1023 588 segetique
1048 527 1260 572 vehendae
1280 558 1294 579 ‚

120 613 165 655 N
167 625 250 654 unc
267 610 448 655 humilis
467 611 638 668 patiens
654 625 802 668 operae
819 643 832 663 ‚
856 624 974 653 nunc
991 612 1090 652 laeta
1106 622 1185 666 per
1200 608 1356 651 urbem

121 693 386 738 Confidente
414 693 542 737 fimul
567 706 668 736 cum
697 690 884 749 conjuge
913 691 1025 733 ferre
1057 688 1281 732 maritum.

180 777 287 818 Non
305 774 465 832 opibus
484 808 497 828 ‚
524 787 630 833 quas
649 775 782 817 luxus
802 773 920 816 iners
939 773 1178 829 populatur
1198 802 1211 823 ‚
1234 767 1357 812 inani

121 857 207 900 Sed
224 854 329 899 fastu
347 856 598 912 superamus
616 858 774 904 Avos3
798 867 879 898 nec
896 854 1080 897 habetur
1097 853 1151 896 ad
1169 851 1295 896 usum

110 938 206 981 *Sed
220 937 362 995 magis
377 939 430 981 ad
443 948 655 995 pompam
668 969 682 990 ‚
692 937 978 998 famulantum
991 935 1117 978 turba
1127 949 1146 986 3v
1156 931 1356 992 gerendis

119 1018 250 1073 Quos
269 1018 402 1062 satius
423 1017 539 1062 foret
564 1029 640 1060 aut
662 1015 788 1060 bellis
810 994 1068 1072 impendere
1090 1013 1212 1058 vires
1233 1042 1248 1063 ,

119 1100 211 1142 Aut
235 1101 381 1157 patrio
406 1102 539 1143 duros
569 1098 803 1143 affuescere
826 1111 926 1141 rure
949 1097 1124 1140 labores
1146 1128 1162 1149 ,

119 1180 335 1224 Infamare
363 1181 483 1224 suam
510 1179 641 1238 quium
666 1181 800 1238 longa
823 1193 903 1236 per
930 1177 1026 1222 otia
1048 1177 1194 1221 vitam
1212 1208 1228 1229 ‚

117 1262 175 1305 Et
198 1262 409 1305 Dominis
433 1261 587 1305 afferre
613 1261 753 1319 magis
779 1259 911 1318 qudm
937 1262 1114 1304 demere
1139 1272 1283 1302 curas.

181 1344 289 1386 Non
303 1342 406 1386 satis
424 1343 484 1386 est
500 1341 621 1399 quod
635 1343 734 1398 plus
749 1340 924 1385 stabulis
941 1339 1214 1397 impenditur
1231 1337 1326 1382 auri
1342 1342 1358 1390 ,'

122 1423 269 1479 Quem
285 1423 442 1467 menfis
458 1423 670 1466 tribuatur
686 1438 699 1472 ;
720 1423 888 1465 Herum
907 1419 1028 1477 quod
1043 1434 1193 1463 currus
1210 1430 1423 1464 ovantem
1456 1438 1462 1467 ς
1498 1416 1500 1455 ἶ

122 1507 310 1549 Auratus
335 1505 494 1554 vehit3
521 1505 565 1547 &
587 1503 714 1547 Natis
739 1502 940 1546 ornatior
963 1501 1067 1558 ipfis

125 1585 382 1630 Circumstat
407 1586 559 1630 rhedas
583 1584 788 1641 utrinque
812 1583 1016 1632 satelles3
1047 1595 1266 1640 equorum

125 1667 298 1712 Officiis
323 1668 474 1711 servus
499 1664 719 1715 succeffit·,
747 1665 791 1707 δι
812 1663 1049 1707 immemor
1073 1662 1196 1706 ortus

123 1746 211 1794 vir
224 1748 453 1792 hominem
469 1749 588 1791 collo
606 1746 719 1805 gerit
735 1762 750 1796 ·,
769 1745 1048 1802 humanaque
1064 1758 1143 1801 per
1160 1744 1317 1786 urbem

99 1852 108 1862 ⁴-
123 1832 231 1875 Non
250 1832 393 1888 pudor
409 1829 469 1873 est
482 1828 658 1872 cervice
675 1827 782 1870 vehi
801 1859 814 1879 ,
833 1837 1093 1882 tantumque
1111 1825 1315 1867 Deorum

123 1911 262 1956 Editae
288 1911 335 1954 in
358 1910 547 1968 effigiem
571 1920 736 1952 naturae
761 1907 988 1950 intendere
1011 1907 1238 1962 pmbrum.

188 1994 274 2036 Sed
292 1991 398 2049 quid
410 2004 496 2048 ego
518 1991 630 2034 hanc
648 1987 807 2031 animis
823 1987 1058 2030 hominum
1073 1987 1296 2043 detergere
1312 1985 1458 2028 labent

127 2073 373 2131 Aggredior
388 2087 403 2122 ·‚
421 2083 634 2128 pecorum
650 2070 832 2113 morbos
849 2102 862 2122 ‚
882 2069 1097 2124 usumque
1117 2066 1319 2110 medendi

127 2153 323 2197 Utiliore
346 2153 500 2209 sequar
523 2151 626 2195 cura
651 2167 662 2195 :
688 2152 807 2193 bove
830 2149 968 2192 discat
991 2150 1044 2192 ab
1068 2162 1160 2192 uno
1179 2181 1191 2201 ,

129 2234 331 2278 Rusticus
351 2234 559 2279 armentis
579 2234 800 2276 medeatur
817 2244 867 2274 ut
885 2231 1091 2274 omnibus
1112 2246 1122 2274 ε
1147 2244 1281 2288 aegras

129 2318 245 2360 Nam
262 2329 404 2372 neque
419 2315 482 2358 fas
497 2315 682 2371 pecudes
695 2346 707 2366 ,
720 2327 862 2370 neque
875 2313 997 2369 ¹casus
1014 2312 1076 2354 ire
1092 2326 1172 2368 per
1187 2324 1360 2355 omneS.

195 2399 320 2453 Saepe
339 2396 460 2440 cibos
480 2395 637 2440 fastidit
655 2395 772 2438 iners
791 2427 802 2446 ,
831 2394 874 2436 &
893 2392 1074 2450 pinguia
1092 2404 1242 2436 taurus

137 2480 263 2530 Prata
277 2491 430 2523 tenens
447 2509 460 2530 ‚
487 2479 631 2521 laetam
647 2490 728 2520 nec
742 2474 831 2520 edit
847 2488 927 2518 nec
951 2473 1140 2523 ruminat
1153 2473 1326 2517 herbam
1344 2503 1358 2524 ,
