1500 2886
70 190 151 270 ’κῆ
434 195 490 252 E
536 195 585 249 c
617 196 662 249 L
708 195 758 251 0
802 196 854 252 G
890 193 970 252 A.·

510 297 551 340 T
570 297 613 339 H
631 297 672 339 Y
691 298 730 340 R
749 299 777 340 S
797 299 817 340 Ι
836 299 884 340 8.

714 378 837 435 Quid
857 378 1022 421 Laurea
1045 373 1142 420 vati

75 456 248 502 Profuit
266 460 284 504 ἓ
302 458 411 502 Ecce
428 490 441 512 ‚
459 472 551 504 uno
570 458 646 517 qui
667 459 807 503 taetus
827 458 940 503 ruris
958 471 1109 502 amore
1126 489 1142 511 ,

72 540 205 584 Pindi
224 541 403 598 Sceptra
420 552 575 585 tenens
593 574 606 594 ,
624 542 800 585 velatus
821 537 1025 597 tempora
1043 541 1168 583 lauro
1186 542 1204 592 ἦ

71 619 300 663 Ruricolis
319 634 536 679 praecepta
555 621 674 665 dedit
697 623 813 665 male
830 620 1007 680 cognita
1027 619 1186 677 priscis

71 700 261 744 Vatibus
279 732 293 755 ‚
314 715 415 745 ecce
434 701 548 758 perit
568 705 578 747 l
601 713 785 759 compto
810 702 884 745 sed
902 700 1095 745 carmine
1112 699 1243 744 vivet
1258 701 1274 756 ζ

67 781 216 841 ‚Vivet
231 811 246 829 ‚
269 782 313 824 &
331 783 385 826 ad
402 783 523 826 seros
542 783 727 827 venient
746 782 914 827 mellita
939 793 1125 839 nepotes

69 861 282 906 Carmina
300 876 397 919 quae
416 861 577 906 cecinit
595 879 609 914 3
632 862 764 908 vivet
783 895 797 916 ‚
815 862 913 920 post
931 864 1086 907 funera
1104 860 1237 909 sacris

70 943 302 989 Musarum
318 941 436 990 fastis
456 943 662 988 inscribet
679 943 794 988 fama
812 943 1010 1000 poetam.
1054 944 1064 954 '

507 1026 548 1069 T
565 1027 589 1070 Ι
608 1026 648 1069 Τ
667 1027 710 1069 Y
729 1026 770 1068 R
789 1026 831 1068 U
850 1026 897 1071 S.

75 1107 191 1151 Ante
207 1106 468 1165 Pyrenaeum
490 1117 620 1163 caput
639 1105 733 1162 ipse
754 1105 979 1150 Garumna
996 1105 1192 1161 reviset3

71 1187 425 1247 Tectosagumve
442 1187 530 1231 suis
550 1189 703 1231 urbem
723 1201 817 1231 non
832 1189 966 1232 alluet
983 1183 1112 1232 undis
1130 1204 1145 1234 ε

0 1279 1 1282 ’
71 1270 189 1312 Ante
207 1269 288 1313 suo
307 1269 542 1326 Zephyrus
558 1268 748 1312 nodosas
767 1267 948 1312 flamine
965 1282 1153 1326 quercus

67 1349 235 1393 Diruet
253 1381 268 1402 ‚
286 1360 362 1392 aut
378 1349 541 1392 Boreas
559 1347 739 1405 spirabit
763 1349 948 1393 amabile
966 1349 1104 1407 frigus
1123 1364 1140 1399 3

68 1431 187 1475 Ante
204 1431 328 1473 leves
347 1428 480 1486 piscis
500 1428 725 1486 torquebit
744 1428 791 1472 in
811 1429 974 1472 aethere
991 1428 1149 1486 pinnas
1167 1435 1186 1482 ,'

5 1548 7 1576 ‘z
72 1512 165 1554 Aut
179 1511 386 1554 volucres
406 1509 568 1567 rapidis
586 1511 812 1554 sulcabunt
829 1524 1007 1568 aequora
1021 1509 1179 1566 pennis
1198 1539 1214 1566 ,
1265 1559 1268 1563 .

72 1589 223 1653 Quam
240 1601 419 1637 teneros
442 1591 591 1648 Mopfi
609 1591 762 1635 versus
792 1590 999 1634 obliteret
1017 1601 1140 1636 aetas.

447 1728 449 1731 Ι
509 1671 878 1717 DAPHNI&

0 1733 2 1793 l
68 1752 238 1798 Umbra
253 1752 400 1799 minus
417 1751 599 1812 pecori,
618 1752 766 1797 minus
785 1752 907 1812 agnis
926 1754 1027 1797 laeta
1046 1753 1273 1811 placebant¹

70 1833 246 1879 Pratula
262 1851 275 1880 ε
293 1835 522 1879 melliferis
544 1834 696 1892 apibus
717 1849 862 1893 neque
887 1834 1026 1878 florea
1050 1844 1223 1878 tantum

4 1927 5 1930 ’
69 1916 196 1959 Serta
214 1918 417 1973 placent:
435 1915 549 1961 feffis
567 1931 712 1975 neque
731 1916 902 1960 dulcior
919 1917 1035 1960 unda
1051 1913 1286 1974 juvencisi=

7 2021 8 2024 =
71 1996 224 2057 Quam
243 1997 394 2055 Mopfi
410 1997 564 2042 versus
586 1997 725 2042 avido
744 1999 947 2055 placuere
967 1997 1151 2044 colono.

8 2063 9 2086 ³
513 2078 552 2121 T
570 2079 611 2120 H
628 2078 670 2121 Y
687 2079 728 2120 R
742 2079 770 2120 s
787 2079 807 2120 1
823 2079 871 2120 s,

20 2218 21 2221 Ἴ
67 2157 228 2204 Idalias
248 2160 455 2204 volucres
483 2157 645 2218 quanta
671 2157 898 2202 dulcedine
922 2157 1074 2202 cannis

12 2240 14 2274 ἵ
94 2239 246 2284 didit!
269 2239 453 2283 alituum
478 2253 627 2283 mores
654 2238 739 2296 qua
764 2252 878 2283 voce
905 2241 1112 2284 locutus!

15 2307 24 2356 ἒ
68 2319 219 2376 Quam
242 2320 404 2363 blando
428 2319 560 2363 versu
587 2323 598 2364 !
626 2319 779 2376 primae
806 2319 1000 2376 prolufio
1027 2319 1172 2363 Musae

9 2383 27 2463 ,Ι
69 2399 259 2446 Eximiae
283 2399 368 2443 fuit
392 2398 498 2443 artis
526 2413 673 2456 opus·‚
699 2401 976 2456 palmamque
1000 2399 1164 2446 tulifl'et

10 2471 12 2475 ’
27 2479 226 2529 Iudice
248 2478 447 2542 Virgilio
464 2509 479 2537 ,
504 2478 661 2526 nostris
686 2479 718 2524 fi
742 2479 882 2538 prisca
900 2478 1091 2527 redirent

15 2528 32 2598 31
