1482 2834
19 239 23 241 “
89 211 221 297 ’ἀξ3ἰ’-
333 217 658 283 'PRAE‘DJJ
717 224 1083 283 Rvsrlct

1303 287 1353 298 ,η
1379 289 1383 293 .

93 321 348 368 Conficeret
365 358 376 377 ‚
404 335 518 385 vaga*
539 328 637 384 post
660 328 828 387 leporis
853 327 1038 384 vestigia
1064 322 1188 371 totos
1211 328 1214 330 ’

94 403 222 459 Itque
248 405 447 461 reditque
470 408 561 451 dies
580 442 592 463 ‚
620 410 813 453 faciente
839 409 1042 466 cupidine
1065 408 1206 452 vires.

134 486 272 528 Radat
287 488 468 531 humum
486 489 627 534 rastris
646 491 1084 549 Olitor‚gramenque
1100 487 1331 533 renascens

93 565 228 610 Eruat
246 601 258 619 ‚
287 570 329 611 δι
355 569 487 614 ficcas
514 571 650 630 riguis
677 575 765 617 alat
789 573 999 616 imbribus
1026 572 1198 615 herbas.

95 647 156 690 At
180 662 402 705 peponem
427 652 630 709 inprimis
657 656 709 698 ab
737 636 889 711 iniqua
911 653 1108 698 vindicet
1135 667 1268 700 aura:

95 729 255 774 Mollis
281 732 402 775 enim
427 734 504 777 seu
530 735 746 790 primaevo
769 734 1026 789 juveniliter
1050 746 1153 781 ortu

95 810 313 855 Luxuriet
330 847 342 866 ‚
372 814 446 857 seu
470 813 558 869 jam
585 816 724 874 coepit
744 816 1022 876 grandescere
1039 849 1052 869 ‚
1078 818 1201 860 cultu

96 892 270 953 Indiget
296 907 477 939 aeterno.
507 897 747 940 Sudoribus
779 897 930 940 omnia
954 898 1156 940 vendunt

98 974 163 1018 Di
180 976 325 1031 superi
347 1009 358 1028 ‚
383 978 426 1020 &
442 991 604 1035 magno
621 977 731 1021 stant
752 977 922 1034 optima
938 992 1123 1036 quaque
1140 977 1309 1022 labore.'

161 1056 296 1100 Veris
313 1057 389 1100 ubi
406 1060 608 1101 reducem
624 1060 832 1103 volucres
850 1053 1048 1102 cecinere
1065 1043 1267 1114 teporem
1284 1090 1298 1109 ‚

99 1136 233 1180 Lacte
259 1152 385 1182 novo
410 1142 486 1183 vel
510 1140 622 1198 aqua
650 1127 918 1184 medicatum*
937 1138 1094 1183 foss'ula
1117 1139 1267 1183 semen

101 1217 312 1273 Excipiat
337 1218 523 1262 saturata
552 1218 677 1264 fimo.
707 1219 806 1275 Qua
834 1231 956 1277 parte
983 1219 1145 1262 nivalis

101 1299 199 1341 Flat
219 1299 380 1342 Boreas
400 1332 413 1352 ,
439 1300 592 1343 Olitor
616 1299 759 1343 mixta
784 1314 886 1343 cum
911 1300 1105 1356 stercore,
1122 1298 1240 1343 terra

101 1379 334 1422 Imbellem
359 1381 482 1422 luteo
508 1380 767 1436 praemuniat
789 1394 946 1444 aggere
969 1381 1179 1436 plantam.

106 1459 155 1502 Si
183 1459 288 1515 quid
314 1461 451 1503 adhuc
477 1462 696 1519 saevasque
722 1461 845 1505 vices
871 1460 1091 1504 mutabilis
1117 1475 1229 1503 aurae
1250 1467 1267 1515 ,'

105 1541 164 1583 Et
190 1525 389 1585 reducem
418 1543 566 1605 medio
594 1543 800 1584 Brumam
824 1541 910 1595 iam
935 1555 1042 1584 vere
1065 1540 1241 1584 timebit
1256 1573 1271 1596 ,

105 1622 312 1666 Coniferi
338 1637 559 1680 peponem
586 1623 695 1666 sinat
720 1623 834 1666 intra
858 1636 1053 1666 concava
1076 1621 1186 1670 vitri

103 1705 314 1748 Crescere
332 1721 346 1754 ·‚
370 1707 471 1748 dum
492 1711 654 1749 ventos
674 1706 783 1749 ferat
799 1737 812 1760 ,
837 1706 879 1749 ὅτ.
898 1704 986 1761 jam
1004 1704 1165 1748 fortior
1185 1702 1292 1750 aurft

106 1785 337 1849 Liberiore
363 1787 448 1829 frui
474 1787 598 1829 malit
617 1820 629 1840 ,
657 1787 881 1843 nudusque
906 1785 1112 1843 relinqui.

109 1867 271 1912 'Vitrea
296 1868 598 1910 transmittunt
622 1867 818 1923 tepidum
844 1866 1081 1923 specularia
1106 1867 1281 1925 solemg

111 1949 169 1992 Et
198 1949 334 1993 saevas
361 1960 509 1993 arcent
534 1947 733 1997 hiemes·‚
760 1960 804 1990 ar
826 1946 1047 2006 grandinis
1071 1946 1183 1991 istus

113 2033 222 2074 Non
249 2033 441 2074 tolerant
462 2063 475 2083 ‚
506 2029 587 2074 nifi
612 2027 824 2073 vimineis
851 2028 1022 2072 defensa
1045 2027 1246 2075 cucullis,

175 2113 270 2155 Uni
295 2114 422 2168 plura
446 2111 570 2153 simul
597 2110 856 2153 mandentur
880 2108 1047 2152 semina
1070 2108 1192 2152 foffae
1211 2125 1229 2159 3

112 2196 229 2240 Nam
250 2207 391 2251 neque
411 2193 483 2235 vis
504 2193 654 2235 eadem
674 2188 840 2233 cunctis
861 2189 920 2232 est
938 2188 1064 2232 infita
1083 2189 1250 2247 granis,

111 2276 332 2323 Maternae
359 2275 434 2331 qui
461 2274 579 2316 solus
604 2270 728 2315 humi
751 2269 1020 2326 superaverit
1043 2270 1182 2314 haeres
1201 2302 1216 2323 ,

113 2355 166 2400 Si
190 2354 354 2398 nimius
380 2353 494 2397 succi
521 2367 639 2410 pepo
665 2351 839 2396 caudice
863 2350 1043 2407 longior
1067 2365 1161 2394 uno

116 2436 329 2488 Funditur
349 2468 362 2495 ,
389 2435 609 2486 interdum
635 2433 764 2480 molli
789 2442 918 2492 caput
941 2417 1087 2492 ungue
1111 2441 1292 2494 putator
1316 2439 1319 2443 ’
