1500 2834
501 232 819 290 LIBER
898 230 970 286 V.
1086 239 1090 243 ’
1218 244 1356 303 ²137

124 328 414 388 Praecipitet.
434 335 600 390 pullam
625 345 780 377 contra
803 308 1078 377 remorabere
1100 292 1268 382 ficum,

46 416 50 418 ’
126 412 363 456 Nascentes
387 413 534 470 primo
566 414 736 473 groffos
761 415 794 457 fi
824 413 993 458 decutis
1017 423 1149 457 ortu:

126 493 242 535 Nam
265 493 448 538 fecunda
471 495 606 539 novis
631 495 676 539 se
700 494 913 538 fruffibus
939 493 1084 538 induit
1108 494 1268 544 arbor‘,

126 574 258 628 Quos
284 575 531 633 improviso
560 589 882 632 nonnunquam
906 574 1072 632 frigore
1103 577 1271 618 Caurus

126 653 363 712 Occupat,
395 658 440 700 ὅτ.
463 655 581 700 dulci
606 656 814 713 prohibet
839 655 1067 699 mitescere
1094 655 1242 699 succo.

187 736 378 779 Mollior
395 736 456 779 est
472 735 607 780 cirrus
625 769 640 790 ‚
665 737 711 779 δι
733 735 907 794 magnis
932 727 1132 779 obnoffia
1156 735 1271 779 curis
1291 750 1303 778 :

125 816 254 859 Hanc
276 816 359 859 nisi
382 816 646 861 structilibus
670 816 799 860 tediis
825 817 871 860 &
890 815 1094 864 stramine
1111 797 1261 860 'multo

126 898 350 941 Defendas
379 898 574 942 hiemem
601 910 755 942 contra
782 914 799 948 3
826 897 912 942 vix
938 898 1076 955 frigus
1109 907 1287 941 acutum

126 979 274 1022 Durat
289 1011 303 1031 ,
329 974 379 1022 in
403 979 562 1035 apricis
593 993 858 1036 quamquam
884 979 937 1023 fit
967 978 1135 1022 consita
1158 977 1306 1022 terris,

84 1083 89 1087 -
128 1060 358 1104 Imbellem
384 1059 504 1116 capit
533 1073 644 1103 urna
667 1073 806 1116 capax
829 1075 844 1108 ς
872 1060 916 1102 δι
940 1059 1121 1103 mobilis
1149 1060 1280 1102 arbor

130 1140 330 1184 AEstivos
358 1141 508 1184 medio
537 1141 653 1185 soles
678 1130 796 1184 nunc
825 1151 968 1197 captat
992 1141 1047 1184 in·
1068 1140 1203 1183 horto
1219 1171 1235 1193 ‚

131 1221 395 1266 Fornicibus
424 1235 542 1265 nunc
566 1222 641 1265 sub
665 1221 812 1280 longis
837 1221 1018 1278 impune
1042 1221 1237 1267 furentes

134 1303 272 1346 Audit
296 1315 390 1346 tuta
413 1305 560 1347 Notos
586 1318 599 1347 :
619 1303 663 1347 δι
687 1317 824 1360 quum
847 1302 961 1361 riget
979 1336 992 1357 ,
1012 1315 1143 1360 atque
1169 1303 1340 1347 caducis

136 1385 265 1427 Nuda
287 1384 428 1427 comis
447 1383 645 1428 deforme
664 1395 795 1440 caput
818 1383 902 1427 fert
926 1398 1111 1441 quercus
1130 1383 1179 1426 in
1197 1399 1319 1427 auras
1338 1418 1351 1438 ‚

132 1464 328 1506 Illaesum
355 1462 518 1507 retinet
545 1462 681 1507 cirrus
709 1477 839 1507 aurea
866 1460 1035 1508 frondis
1059 1465 1276 1508 honorem
1296 1498 1309 1518 ,

135 1545 346 1602 Malaque
371 1545 579 1589 floriferis
606 1546 774 1589 haerent
796 1545 1031 1602 pendentia
1061 1546 1209 1590 ramis.

127 1661 130 1665 .
196 1625 365 1683 Lignea
391 1640 488 1682 quae
514 1626 652 1670 cirros
682 1626 905 1686 gestabunt
929 1626 1031 1670 vasa
1048 1659 1061 1680 ,
1092 1627 1170 1671 sub
1194 1627 1294 1671 altis

136 1706 388 1750 Porticibus
407 1739 419 1760 ,
445 1707 557 1751 serie
585 1707 719 1766 longa
744 1708 980 1766 spatiisque
1007 1708 1183 1752 viarum

137 1788 262 1833 Inter
286 1787 330 1830 se
354 1787 530 1844 paribus
555 1787 710 1832 distent
736 1803 750 1838 ;
774 1801 824 1832 ut
852 1789 972 1833 Vere
996 1788 1151 1833 fruaris

139 1866 390 1924 Perpetuo:
411 1880 456 1912 te
480 1882 670 1926 namque
695 1869 819 1914 domi
844 1870 876 1913 fi
902 1872 1078 1928 quando
1103 1872 1314 1916 tenebunt

141 1949 275 1993 Invia
297 1951 372 1994 vel
395 1952 525 1997 tellus
542 1983 556 2004 ,
583 1962 658 1994 aut
682 1949 954 1995 intraciabile
980 1954 1176 2002 coelum;

142 2030 397 2087 Frigoribus
423 2029 581 2075 mediis
606 2031 857 2088 spatiaberis
885 2032 1002 2075 inter
1027 2034 1188 2077 odores

143 2111 281 2173 Veris
298 2143 312 2163 ‚
341 2112 385 2154 &
410 2111 624 2156 Autumni
649 2112 942 2169 pulcherrima
970 2113 1087 2156 dona
1103 2145 1116 2165 ‚
1141 2113 1307 2157 virenti

144 2191 283 2235 Poma
309 2191 433 2235 fimul
458 2191 703 2250 niveosque
727 2195 878 2251 legens
905 2207 963 2236 ex
988 2195 1143 2238 arbore
1167 2195 1320 2240 flores.

208 2273 482 2329 Despefkura
505 2285 650 2318 truces
676 2274 787 2318 olim
813 2288 907 2317 nux
931 2275 1138 2332 grandior
1163 2277 1305 2320 Euros

150 2353 329 2409 Apricis
355 2354 570 2398 adolescat
588 2355 703 2414 agris
722 2370 735 2399 ε
756 2354 818 2398 ibi
837 2355 1003 2399 semina
1020 2356 1163 2413 prima

152 2434 417 2480 Humidulas
443 2436 616 2493 depone
645 2449 778 2481 nuces
797 2466 810 2489 ,
839 2435 1076 2498 testamque
1104 2438 1324 2483 minorem
