1482 2834
87 205 669 298 '204'PRAED11
727 212 1118 283 RUSTrCI

167 326 357 368 Munera
380 325 457 383 qui
482 327 597 370 durae
622 327 769 387 legitis
795 327 989 385 glacialia
1012 328 1214 380 brumae:

107 405 307 459 Quaerite
331 421 428 463 quae
454 409 578 452 nullo
606 409 688 452 fint
711 395 883 453 turbida
908 408 1091 453 flumina
1116 408 1283 463 coeno}

108 485 198 528 Vel
224 499 354 542 puras
381 501 405 530 a
431 488 558 532 sorde
586 489 749 540 nives·,
777 503 826 534 ut
853 490 1008 533 deinde
1033 487 1209 534 colonis

108 563 260 608 Frasta
284 566 527 613 securiferis
553 570 712 628 glacies
738 571 785 614 in
811 571 953 616 vitrea
981 584 1116 614 torno

112 645 279 690 Pocula
304 647 526 707 fingatut3
557 652 714 708 quibus
740 652 900 710 ignifer
922 651 1016 709 ipse
1041 652 1202 709 Lyaeus

111 728 268 785 Algeat
294 728 461 775 infusus
488 733 659 790 cyathis
679 766 691 786 ‚
717 748 896 791 unoque
923 719 1126 778 bibantur

110 808 167 851 Et
193 808 349 854 calices
373 800 454 867 i'pfi
479 812 723 871 vinumque
749 813 964 858 meracius
988 813 1158 859 haustu.

174 891 282 934 Haec
297 892 398 935 sunt
415 907 513 951 quae
531 894 664 951 gelidi
682 910 759 951 per
774 894 932 938 inertia
951 895 1113 953 frigora
1132 891 1284 951 paffim

114 972 334 1015 Exercent
359 987 494 1030 opera
519 975 737 1033 Agricolae
758 993 769 1020 ε
793 988 841 1018 tu
866 976 990 1020 dives
1020 976 1160 1020 aristis

114 1052 220 1095 Sera
243 1053 320 1095 sub
346 1066 572 1097 extremos
595 1087 607 1108 ,
635 1056 851 1098 Arvernia
869 1089 881 1108 ,
909 1055 1094 1108 demetis
1119 1056 1242 1100 aestus
1263 1071 1281 1107 3

114 1132 170 1174 Et
195 1131 330 1177 lestas
354 1133 517 1190 raptim
541 1134 707 1192 segetes
733 1136 809 1178 sub
834 1136 947 1179 tecta
969 1137 1151 1193 reponis
1171 1168 1186 1191 ,

115 1212 297 1255 Instanti
320 1214 514 1257 semente
538 1229 550 1258 :
578 1217 678 1272 gelu
704 1230 838 1272 quum
865 1216 1020 1260 deinde
1046 1217 1238 1277 rigentes

118 1293 306 1350 Stringit
322 1294 465 1338 hiems
482 1306 618 1339 terras
638 1311 651 1345 ·‚
680 1297 829 1339 eadem
848 1297 960 1340 intra
979 1297 1089 1340 ῐεὲὶει
1107 1297 1292 1356 flagellis

117 1374 300 1417 Excutis
317 1406 329 1427 ,
350 1375 394 1417 δε
409 1375 570 1418 nitidas
585 1387 659 1419 tua
675 1375 816 1418 mittis
835 1376 881 1418 in
898 1378 1055 1420 horrea
1069 1378 1214 1437 fruges
1232 1394 1247 1424 z

119 1455 405 1512 Extricasque
426 1470 558 1499 nuces
581 1457 775 1500 resoluto
800 1457 964 1501 cortice
988 1457 1140 1501 fractas
1159 1473 1173 1507 ;

120 1535 418 1593 Pumiceoque
443 1548 588 1579 terens
612 1537 719 1581 saxo
741 1570 753 1590 ‚
779 1540 992 1595 preloque
1017 1537 1212 1581 madenti

121 1616 365 1671 Subjiciens
386 1649 399 1670 ,
426 1619 575 1660 oleum
599 1618 870 1670 ferventibus
895 1617 1018 1661 elicis
1043 1618 1188 1662 undis.

183 1699 280 1740 Nos
306 1697 474 1754 tepidas
499 1697 644 1741 sortiti
667 1697 834 1742 hiemes
861 1697 1053 1741 australis
1080 1699 1141 1742 ad·
1161 1705 1286 1743 oram

124 1777 327 1831 Oceani,
355 1780 524 1834 prolem
554 1779 742 1823 colimus
764 1779 905 1823 felicis
930 1779 1095 1830 olivae3

124 1858 284 1916 Segnia
309 1872 388 1914 per
408 1870 549 1902 totam
568 1873 712 1915 neque
735 1861 946 1904 novimus
967 1860 1060 1903 otia
1076 1861 1300 1912 BrumamS
1369 1879 1371 1881 ·

125 1940 272 1982 Ubere
299 1953 399 1981 nam
427 1938 551 1981 dives
574 1940 666 1982 fetu
691 1948 823 1996 quum
851 1940 1035 1984 Palladis
1064 1942 1193 1984 arbor

126 2018 314 2063 Brachia
336 2010 425 2073 jam
450 2030 603 2062 curvat
629 2018 780 2076 nigros
809 2019 960 2063 induta
990 2022 1163 2064 colores
1181 2053 1195 2074 ,

125 2100 281 2157 ‘Longa
305 2090 553 2143 fatiscentes
577 2099 759 2142 excuffis
784 2100 950 2156 pertica
973 2101 1118 2144 baccis

128 2181 355 2224 Exonerat
378 2194 526 2223 ramos
547 2195 561 2228 ;
591 2179 810 2236 tensaeque
836 2180 913 2223 sub
941 2182 1092 2225 arbore
1119 2183 1219 2226 telae

129 2261 369 2317 Excipiunt
395 2263 517 2304 oleas
535 2293 548 2314 ‚
572 2261 730 2304 baculo
754 2261 950 2317 pulsante
973 2295 985 2315 ‚
1014 2263 1211 2307 caducas.

195 2343 474 2399 Quamquam
484 2343 665 2386 hiberna
673 2342 764 2386 dies
775 2356 868 2385 nox
879 2356 1180 2402 urgeat,atque
1191 2345 1362 2387 labores

133 2422 383 2482 Praecipitet
401 2456 414 2479 ,
438 2422 530 2469 non
556 2436 656 2470 ante
681 2436 828 2469 tamen
849 2423 1112 2485 stringentur
1131 2425 1265 2470 olivae
1283 2455 1298 2485 ‚
