1482 2834
449 287 754 348 'LIBER
815 285 1023 347 XVI.
1230 285 1346 368 387Ι

110 382 318 445 'Accipies
338 403 355 440 3
380 392 622 450 acuensque
645 391 765 436 feros
793 390 842 434 in
865 389 1017 448 praelia
1039 400 1192 433 tauros
1207 417 1221 441 ‚
1313 445 1316 447 q

111 467 272 513 Martis
298 470 574 529 inexpertam
598 470 807 516 formabis
835 473 890 514 ad
912 484 1031 514 arma
1054 469 1301 524 juventam.

43 598 48 604 „
172 551 336 594 Nonne
360 551 486 596 vides
509 564 560 596 ut
582 554 707 596 lbera
730 564 854 609 paret
878 565 985 610 gens
1009 549 1142 594 fortia
1167 550 1287 592 bello

109 627 295 673 Ρεᾶοη
310 663 325 683 ,
354 643 580 675 taurorum
608 632 758 676 cursus
783 631 1076 687 instruaaque
1102 628 1227 673 festas

110 708 267 754 Praelia
294 715 605 756 concelebrans
622 745 636 765 ,
663 713 808 757 veteri
838 714 891 756 de
919 725 1045 755 more
1061 743 1075 764 ‚
1094 724 1172 768 per
1199 710 1350 759 urbes.¹

110 791 314 848 Namque
340 793 415 835 ubi
439 794 673 836 consedere
696 792 787 836 viri
806 807 820 841 ·,
847 790 1162 856 Ρὶἂίΐφιςίυδ
1185 790 1320 834 armis

110 871 324 929 Egregius
349 872 467 915 stetit
494 873 542 915 in
567 872 711 915 media
733 873 922 915 bellator
948 884 1078 914 arena
1095 902 1108 924 ,
1308 867 1310 869 ’

110 951 221 993 Tela
246 952 344 994 solo
369 951 514 995 defixa
538 963 692 996 tenens
718 967 733 1001 3
758 951 912 1007 jastata
940 965 1019 1008 per
1044 965 1167 995 auras

108 1030 345 1087 Inpavido
368 1043 518 1075 taurus
546 1030 659 1087 petit
684 1031 928 1074 irritamina
953 1045 1108 1074 cornu.

108 1109 320 1153 Demiffis
339 1111 393 1153 ad
410 1123 570 1154 terram
590 1111 732 1155 oculis
752 1112 855 1155 dum
874 1125 1042 1167 pronus
1062 1111 1111 1154 in
1127 1110 1298 1155 hostem
1384 1134 1386 1138 v

108 1190 246 1234 Irruit
262 1223 275 1244 ,
302 1190 518 1244 objeaam
543 1203 697 1235 contra
720 1205 802 1234 nec
830 1191 1007 1246 respicit
1034 1190 1194 1234 hastam
1213 1224 1227 1244 ,

110 1272 232 1314 Ferri
258 1271 396 1316 aciem
419 1272 533 1329 petit
557 1273 809 1328 imprudens
830 1286 846 1320 ·‚
871 1272 914 1314 &
933 1271 1130 1315 vulneris
1152 1271 1304 1316 auster

51 1388 54 1391 .
109 1353 211 1408 Ipse
237 1353 304 1395 sui
321 1385 334 1406 ,
360 1352 498 1396 frasto
525 1352 718 1396 demittit
744 1351 793 1394 in
822 1349 912 1394 offa
938 1352 1147 1396 cerebro:

109 1431 334 1488 Praecipiti
357 1431 529 1475 tantum
554 1443 688 1476 nocet
713 1430 857 1475 acrior
883 1430 947 1474 ira
971 1432 1156 1476 duello?

170 1514 282 1555 Sunt
307 1511 385 1570 qui
402 1542 415 1564 ,
439 1512 543 1555 bina
567 1512 651 1557 feri
676 1511 809 1556 bovis
835 1511 952 1555 inter
971 1525 1164 1566 cornua,
1187 1515 1350 1570 pellem

108 1592 367 1650 ImPingunt
391 1591 534 1635 oculis
561 1592 779 1648 piceatam
797 1623 811 1646 ,
842 1593 886 1635 δι
910 1592 1090 1636 luminis
1119 1595 1277 1638 orbum

112 1671 373 1730 sanguineis
396 1684 554 1731 urgent
578 1672 764 1717 stimulis
790 1672 971 1730 impune
988 1672 1246 1727 iuvencum.

109 1756 194 1799 Ille
223 1766 353 1811 caput
379 1744 552 1811 quatit,
576 1754 621 1796 δε
645 1753 781 1798 risum
806 1756 991 1798 tollente
1014 1755 1182 1800 corona
1197 1788 1212 1809 ,

111 1837 212 1878 Huc
241 1835 345 1878 illuc
371 1834 566 1878 incertus
590 1833 679 1878 abit
695 1866 710 1889 ,
734 1836 941 1892 coeloque
968 1835 1155 1893 requirit

110 1913 291 1959 Διτεᾶἓι
318 1914 492 1958 cervice
518 1913 636 1957 diem
661 1930 676 1964 ·,
704 1915 894 1971 dumque
921 1914 1044 1958 irrita
1067 1914 1199 1970 iaetat

113 1997 295 2038 Cornua
314 2027 328 2048 ,
351 1995 396 2038 &
420 1993 469 2037 in
493 1985 679 2038 ventum
703 1993 823 2038 vires
849 1993 1033 2038 effundit
1058 1995 1209 2040 inanes
1224 2012 1241 2047 ς
1324 2046 1331 2050 ,

113 2076 268 2131 Usque
295 2073 430 2118 novis
455 2073 622 2118 foditur
648 2074 750 2118 telis
766 2103 779 2125 ,
804 2085 1038 2133 totumque
1065 2090 1286 2134 pererrat,

110 2156 340 2212 Purpureo
368 2155 538 2213 fignans
562 2155 746 2214 vestigia
770 2156 981 2214 sanguine
998 2189 1011 2211 ‚
1041 2157 1226 2203 circum.

159 2238 303 2279 Nunc
328 2236 380 2278 ab
406 2249 525 2294 equo
550 2235 697 2294 pugna
723 2236 799 2294 qui
825 2237 1046 2281 nobiliore
1070 2238 1231 2283 laceffit
1314 2268 1319 2294 ;

112 2315 351 2359 Terribiles
376 2314 442 2358 ira
467 2327 617 2360 tauros
633 2347 646 2368 ,
669 2329 751 2359 nec
775 2317 923 2360 fraude
948 2330 1030 2362 nec
1053 2316 1157 2363 ullis

113 2395 267 2439 Utitur
291 2394 456 2439 infidiis
484 2411 497 2440 z
526 2395 676 2440 animo
699 2394 920 2454 viridique
946 2396 1130 2452 iuventa
1254 2450 1256 2452 v

54 2491 57 2494 ⁴
113 2477 268 2522 fretus
284 2508 297 2533 ‚
316 2489 481 2536 equum
503 2475 637 2542 citat}
656 2476 702 2524 δι
716 2490 876 2539 pugnae
893 2478 1097 2537 praeludit
1110 2510 1125 2533 ‚
1141 2478 1190 2524 in
1205 2479 1347 2540 atstos

1025 2559 1058 2604 B
1080 2560 1108 2604 b
1136 2559 1170 2623 ij
