1482 2834
150 221 268 289 364
355 212 710 267 PRAE‘DH
760 209 1148 267 Rvsrtc't

147 313 372 356 Admovet
394 326 407 362 ;
429 311 618 356 offensas
639 311 671 354 fi
692 310 790 368 quis
809 312 957 369 fragor
976 308 1154 365 impulit
1173 311 1326 363 aurei}

148 393 251 435 Sese
280 391 500 449 praecipiti
529 391 613 435 fert
644 391 693 434 in
720 391 907 434 sublime
934 391 1094 453 volatu
1159 387 1162 389 ’

146 472 418 526 Immemor,
447 472 490 514 δε
516 471 719 529 geminos
749 470 840 530 agit
866 479 991 514 extra
1019 469 1176 513 limina
1198 469 1328 514 fetus.

146 553 259 596 ‘Haec
287 563 487 595 metuens
506 585 518 605 ‚
545 552 727 609 pedibus
753 566 860 608 quas
885 551 1058 608 Jupiter
1083 549 1246 594 addidit
1271 551 1361 593 alas

148 634 355 677 Tondere
372 666 385 686 ,
413 634 458 676 δι
483 647 649 693 vanum
676 632 844 689 poteris
874 631 1118 675 rescindere
1144 632 1317 675 luxum.

211 714 329 757 Huic
345 729 439 757 non
453 715 693 758 absimilem
710 714 793 758 fert
812 696 978 772 Cypria
994 726 1108 756 terra
1125 711 1392 765 columbam.

149 796 262 850 Quae
289 794 609 852 circumpositis
634 794 807 838 cristato
834 794 1002 838 vertice
1027 793 1191 850 plumis

148 877 297 920 Altior
321 875 564 934 ingreditur
580 908 592 928 ,
619 876 879 933 Regumque
906 873 1092 932 insignia
1117 872 1265 928 jafirat.

210 959 408 1015 Utraque
433 959 583 1001 feturae
611 956 670 999 est
687 956 879 1005 habilis·,
907 970 1010 998 nam
1031 955 1107 998 seu
1127 953 1233 998 furit
1258 951 1373 1011 agris

150 1037 321 1091 Sirius,
342 1050 416 1081 aut
438 1038 599 1081 hiemis
627 1037 739 1081 redit
765 1035 1078 1088 inclementia,
1106 1048 1332 1091 nunquam
1393 1061 1396 1064 ·
1427 1027 1448 1096 “J

150 1120 268 1161 Cura
293 1119 406 1162 cadit
431 1119 631 1163 sobolis.
658 1119 743 1163 vix
771 1119 878 1162 nido
908 1116 1055 1161 abiere
1081 1116 1287 1174 gemelli,
1434 1099 1443 1111 ⁹

151 1199 305 1254 Quum
325 1199 438 1242 redit
457 1214 649 1243 ovorum
670 1198 838 1256 primus
857 1199 994 1241 labor.
1018 1198 1143 1240 Hanc
1158 1209 1244 1253 ego
1259 1172 1443 1241 cun'ffin}

151 1280 441 1333 Anteferam‚
465 1281 496 1322 fi
523 1291 670 1336 parcat
695 1279 804 1321 Heri
833 1278 1033 1335 curisque
1059 1276 1211 1334 reique
1227 1308 1242 1330 ,
1431 1276 1438 1285 '

150 1359 207 1403 Et
231 1359 375 1418 gentis
405 1361 458 1403 de
484 1373 610 1401 more
639 1357 786 1401 cibum
811 1357 1036 1415 vestiget‘
1024 1371 1074 1400 m
1103 1356 1240 1400 arvis

214 1442 364 1483 Altera
384 1441 504 1482 mole
524 1438 700 1492 minor,
720 1451 802 1482 nec
819 1450 911 1481 tam
927 1438 1135 1490 fecunda,
1157 1438 1393 1480 domorum

147 1519 254 1566 Alta
277 1521 419 1579 petit,
448 1521 691 1578 gaudetque
717 1521 844 1563 locos
869 1518 1065 1562 habitare
1090 1531 1309 1561 remotos.

151 1602 307 1656 Quum
333 1601 479 1659 fruges
505 1599 607 1644 tulit
636 1599 806 1643 aestivas
827 1632 840 1653 ,
869 1601 944 1644 vel
971 1599 1138 1643 semina
1162 1600 1332 1643 rursum

150 1681 287 1738 Cepit
308 1683 468 1726 humus
490 1697 503 1731 ·,
524 1693 625 1725 toto
651 1680 852 1724 volitans
881 1680 1065 1723 rimatur
1090 1679 1310 1736 inemptas

150 1762 272 1806 Rure
302 1764 433 1819 dapes
452 1795 464 1815 ‚
488 1761 723 1818 parvisque
752 1772 874 1818 parat
901 1760 1116 1804 convivia
1142 1761 1288 1805 furtis.

213 1845 322 1887 Non
344 1841 412 1887 illi
439 1842 562 1885 cicur
587 1842 815 1899 ingenium
832 1874 845 1895 ,
869 1856 962 1885 non
985 1843 1164 1885 candida
1188 1841 1321 1886 vestis

153 1925 240 1968 Sed
262 1923 401 1966 cineri
429 1924 556 1966 color
578 1922 639 1965 est
664 1922 802 1964 affinis
833 1938 845 1966 ι
874 1924 992 1965 nulla
1018 1918 1237 1965 moratur'

152 2005 311 2050 Pluma
337 2005 469 2061 pedes
497 2019 508 2047 :
535 2017 618 2046 nec
635 2003 772 2046 celsus
801 2018 915 2060 apex
941 2004 988 2046 in
1014 2004 1184 2047 vertice
1212 2002 1364 2062 surgit.

150 2087 276 2133 ,Vere
302 2084 417 2142 parit
434 2118 446 2138 ,
471 2083 705 2142 pergitque
733 2098 880 2127 novos
908 2086 1091 2128 educere
1119 2086 1263 2136 fetus;

153 2168 311 2225 Algida
335 2166 473 2223 frigus
501 2165 619 2208 iners
648 2166 751 2207 dum
776 2166 935 2209 Bruma
960 2168 1135 2210 reducat
1162 2184 1172 2211 :
1201 2170 1252 2211 ab
1271 2164 1395 2211 omui

154 2249 277 2293 Dein
304 2258 431 2304 partu
460 2246 585 2305 pigra
610 2261 711 2290 cum
741 2246 876 2290 sterili
901 2250 1058 2291 tellure
1086 2248 1288 2305 quiescit.

152 2328 459 2385 Plumipedem
479 2329 591 2371 hanc
617 2326 767 2370 dicunt
783 2359 796 2380 ‚
826 2327 1020 2371 saxatilis
1046 2328 1123 2371 ista
1149 2341 1361 2381 vocatur,

154 2407 294 2465 Qubd
319 2421 459 2451 turres
488 2408 532 2450 δε
557 2408 659 2450 saxa
684 2406 863 2450 habitet.
895 2407 941 2449 Si
965 2409 1131 2451 foedera
1161 2410 1304 2451 secum

158 2489 309 2532 Ambae
324 2487 478 2547 ineant
492 2518 504 2540 ,
520 2486 760 2546 iisdemque
776 2486 941 2545 agitent
957 2488 1034 2532 sub
1050 2488 1269 2535 moenibus
1288 2499 1432 2529 aevum
1449 2501 1454 2531 3

1209 2566 1398 2610 Denfior
