1500 2886
519 288 567 345 L
585 303 617 346 1
643 303 687 346 B
713 305 754 346 ε
776 305 820 346 ιι
862 287 1005 347 ΙΙΙ.
1301 287 1333 347 8
1343 308 1370 366 3

148 387 299 435 Latius
323 389 533 435 inficiunt
554 407 567 435 z
591 390 769 436 stabulis
794 405 910 449 quos
932 390 1116 448 vespere
1138 389 1287 434 elausit

148 471 342 516 Villicus
366 472 612 517 incolumes
630 503 645 526 ‚
673 471 826 516 exacta
850 470 981 515 noete
1004 469 1219 526 iuvencos

148 554 219 596 Ad
242 554 434 598 saturum
459 553 653 609 persaepe
675 551 803 595 videt
831 551 1282 612 supremalgementes
1302 565 1319 601 3

106 632 110 635 ’
147 634 243 678 Nec
261 634 395 678 semel
413 633 601 676 incurvo
618 630 824 690 subigunt
843 633 948 677 dum
964 645 1149 676 vomere
1166 645 1325 676 terram
1337 664 1353 686 ,

147 715 273 758 Alter
296 714 420 758 humi
443 712 558 758 adit
581 713 700 758 inter
723 727 870 770 opus·,
895 711 1125 770 sociusque
1146 715 1350 758 laborum

149 793 383 851 comparis
408 793 598 838 exitium
622 795 727 838 dum
752 793 832 838 fiet
856 780 1030 838 crudele
1051 826 1065 847 ,
1096 794 1319 851 trahitque

147 865 382 918 Extremos
407 876 464 919 ad
489 875 583 934 agri
610 873 723 919 fines
746 875 968 933 exsangue
995 875 1179 919 cadaver
1199 908 1212 927 ‚

146 956 356 1000 Concidit
382 956 477 1014 ipse
501 956 631 1014 super
652 955 763 1001 lethi
789 969 940 1001 comes
957 987 972 1009 ,
999 956 1170 1012 udaque
1195 954 1303 999 fletu

146 1037 322 1080 claudit
346 1037 396 1082 in
423 1049 631 1082 aeternam
655 1036 894 1082 morientia
917 1035 1084 1081 lumina
1106 1034 1304 1080 noctem.

207 1119 393 1162 Tristior
415 1117 607 1163 infixum
629 1119 786 1162 tellure
810 1117 1028 1163 Bubulcus
1055 1127 1246 1161 aratrum

146 1200 324 1249 Tollit·,
355 1201 399 1242 &
425 1199 661 1257 imponens
685 1213 800 1242 onus
828 1197 1048 1242 illaetabile
1074 1198 1194 1242 collo
1215 1228 1229 1248 ‚

147 1280 342 1324 Nuntius
366 1279 402 1324 it
426 1278 611 1338 gemine
635 1279 794 1323 mortis
812 1310 825 1330 ‚
855 1263 1063 1334 luctuque
1086 1289 1265 1334 penates

147 1363 243 1405 Nec
266 1360 395 1405 vanis
420 1361 576 1418 implet
601 1360 751 1404 vicina
776 1359 964 1416 mapalia
989 1357 1124 1403 curis.

146 1442 264 1499 lix-go
286 1441 367 1485 ubi
389 1441 506 1485 saeva
528 1443 624 1485 lues
654 1439 854 1490 inceffit·‚
884 1440 978 1484 sola
1001 1451 1200 1485 remotos

144 1522 198 1565 In
223 1522 356 1565 saltus
380 1523 537 1579 procul
563 1522 607 1565 δι
633 1533 812 1564 montes
838 1532 1034 1564 armenta
1056 1523 1252 1579 relegans
1274 1555 1286 1574 ‚

147 1602 375 1646 Conserva
401 1616 500 1660 quae
529 1601 631 1644 sana
652 1600 810 1661 vigent
826 1633 841 1654 ‚
873 1601 919 1644 δι
944 1614 1133 1658 corpora
1157 1602 1263 1652 fatis>

124 1736 126 1740 .
145 1682 282 1740 Egra
306 1682 395 1727 suis
418 1681 627 1739 permitte
646 1713 660 1736 ,
690 1681 815 1726 viam
838 1695 921 1727 nec
945 1696 1090 1740 quare
1114 1683 1313 1728 medendi
1334 1699 1348 1733 ;

147 1762 402 1808 christiadis
421 1776 688 1821 quamquam
704 1795 719 1818 ,
737 1763 847 1808 divo
865 1778 1012 1808 rerum
1032 1764 1204 1821 auspice
1221 1765 1378 1808 Rocho

148 1843 226 1887 Nil
252 1844 565 1901 desperandum
589 1860 603 1889 z
627 1843 764 1888 vivus
792 1843 870 1903 qui
890 1845 1059 1901 profuit
1083 1845 1194 1890 olim
1214 1878 1228 1900 ‚

145 1926 202 1968 Et
226 1924 389 1982 pestem
417 1924 573 1983 patriis
602 1926 770 1970 orando
794 1926 964 1983 depulit
991 1926 1083 1970 oris
1105 1942 1120 1977 ;

146 2006 289 2050 Nobis
314 2006 451 2064 usque
469 2007 612 2051 bonus
626 2039 641 2061 ‚
664 2006 952 2065 precibusque
976 2008 1207 2064 potentior
1231 2009 1347 2054 idem

146 2089 427 2133 Mortiferam
454 2090 573 2132 coelo
603 2090 747 2133 labem
771 2090 1022 2147 compescet
1053 2092 1106 2133 ab
1130 2092 1252 2134 alto:

144 2169 331 2227 Jamque
354 2168 589 2227 patrocinii
612 2169 710 2214 vim
734 2171 896 2214 dudum
922 2183 1104 2227 experta
1127 2172 1291 2215 Tolosa

144 2248 536 2306 Monspeliumque
562 2249 642 2293 suo
665 2250 852 2307 posuere
881 2251 1030 2297 altaria
1058 2251 1165 2296 civi.

203 2330 390 2387 Depulit
412 2329 487 2373 hic
508 2344 651 2388 nuper
673 2330 831 2374 nostris
855 2330 880 2373 a
904 2330 1068 2375 finibus
1094 2345 1237 2377 ortam

141 2410 342 2455 Massiliae
366 2410 528 2469 pestem
546 2444 560 2466 ‚
587 2426 684 2470 quae
710 2427 794 2457 nos
820 2412 1056 2458 formidine
1081 2416 1239 2459 mortis

138 2490 296 2536 Cinxit
314 2491 537 2552 utrimque
552 2492 702 2541 stu-ens
723 2508 736 2541 z
754 2492 988 2542 hominum
1005 2495 1121 2551 proli
1141 2499 1151 2540 !
1175 2495 1312 2540 millia
1331 2498 1453 2542 letho

1032 2576 1066 2618 F
1096 2573 1145 2631 ij'
