1500 2886
470 243 777 302 LIBER
821 244 912 303 ΙΙ.
1232 244 1307 322 63

132 345 325 391 Vicinos
350 359 468 391 amet
496 346 724 405 Agricolas
742 379 756 401 ,
789 347 835 390 &
862 360 920 390 ne
945 342 1053 404 quid
1077 358 1235 390 eorum

70 430 127 474 In
154 443 315 484 pecora
342 430 386 473 &
410 430 579 489 segetes
598 428 891 479 ⁴committam
917 439 968 471 ut
992 441 1098 471 arva
1122 426 1315 472 viciffim
1331 421 1341 424 ’

74 511 200 555 Illius
227 511 271 553 δι
300 512 491 567 pecudes
517 510 695 553 servent
712 542 724 563 ,
749 510 955 566 furesque
979 511 1213 566 repellant.

74 590 279 634 Invideat
303 592 446 639 nu11i;
478 590 552 634 sed
580 603 688 647 quas
716 589 902 634 miratur
931 587 1107 648 opiffias

75 671 271 715 Alterius
296 672 463 730 segetes
491 683 633 715 tentet
658 672 861 729 superare
887 673 1098 719 colendo.

76 753 316 811 Ambiguas
344 753 460 796 vitet
487 752 590 796 lites
606 786 620 806 ‚
652 767 748 810 quae
778 753 922 798 civica
949 754 1066 798 bella

76 835 256 879 Vifiori
286 833 497 891 vietoque
525 849 679 892 parem
704 837 809 879 dant
836 836 950 893 saepe
974 836 1167 882 ruinam.

78 916 255 960 Officiis
279 915 494 973 quantum
521 916 690 973 poterit
714 917 859 960 bonus
887 917 1066 971 adjuvet
1092 930 1249 961 omnes
1267 932 1285 968 ς
1330 948 1332 950 -

78 998 164 1042 Sed
190 997 269 1042 fibi
289 1012 371 1060 nec
402 1001 568 1042 multos
594 1013 737 1056 neque
763 1000 912 1043 nullos
939 1011 1103 1057 quaerat
1128 998 1315 1043 amicos.

76 1080 185 1123 Non
212 1080 262 1122 in
290 1079 500 1122 amicitiis
529 1079 741 1136 quantum
771 1079 819 1122 in
848 1064 1005 1124 tellure
1032 1093 1220 1138 reponat
1240 1096 1255 1125 z

77 1162 204 1205 Hanc
223 1163 341 1204 colat
359 1161 566 1217 inprimis
582 1176 598 1210 ·,
618 1161 721 1204 hinc
739 1161 837 1218 spes
858 1161 1089 1205 certiffima
1108 1177 1120 1206 ε
1141 1161 1288 1206 vastos

78 1244 244 1287 Laudet
262 1256 392 1301 agros
412 1275 426 1295 ‚
444 1255 561 1285 amet
578 1241 808 1300 exiguum.
829 1243 1074 1286 Fecundior
1093 1275 1106 1296 ‚
1123 1243 1295 1301 inquit,
1331 1274 1334 1275 γ

79 1325 149 1369 Est
179 1326 375 1369 brevitas
406 1323 516 1368 culti
546 1323 661 1367 ruris
683 1356 696 1377 ,
729 1323 862 1381 quam
891 1323 1033 1368 millia
1062 1325 1186 1369 fundi

79 1408 239 1464 Iugera
258 1439 271 1459 ,
307 1420 406 1464 quae
435 1419 582 1448 rerum
611 1418 778 1461 pauper
805 1419 888 1448 nec
912 1394 1099 1450 vomere
1123 1405 1257 1463 poffis

78 1486 255 1531 Affiduo
280 1487 454 1530 versare
475 1519 489 1540 ,
518 1485 629 1530 fimo
652 1499 735 1529 nec
763 1486 965 1546 spargere
994 1488 1182 1546 pingui:

0 1580 2 1584 ’
78 1567 246 1626 Pugnat
264 1568 385 1611 enim
404 1599 419 1621 ‚
446 1566 696 1624 sterilesque
712 1560 852 1610 citans
869 1582 1005 1625 quum
1021 1571 1231 1626 praevalet
1246 1571 1401 1617 herbas
1416 1603 1435 1630 ,

80 1649 237 1693 Allidit
265 1648 516 1691 Dominum
547 1649 713 1698 tellus;
743 1648 825 1691 nifi
857 1648 1012 1692 rustica
1040 1663 1201 1708 cogant
1231 1642 1235 1645 ’

81 1731 216 1772 Arma
243 1728 527 1772 reluEkantem
552 1727 683 1786 vigili
708 1742 861 1786 parere
886 1732 1069 1773 colono.

146 1812 278 1855 Parce
307 1810 567 1868 peregrinos
596 1812 739 1854 cultus
766 1824 934 1855 tentare
953 1844 966 1865 ‚
1000 1813 1229 1871 novasque

85 1894 327 1950 Explorate
354 1891 453 1936 vias
479 1906 496 1934 .·
524 1891 698 1937 imitare
726 1895 848 1951 quod
871 1896 1084 1951 approbat
1109 1896 1230 1941 usus.

86 1976 209 2020 Pone
229 1976 411 2019 modum
427 1973 551 2038 votis
571 1989 586 2024 3
618 1988 699 2018 uec
721 1989 859 2032 opum
883 1989 928 2019 te
947 1977 1039 2019 dira
1066 1977 1231 2033 cupido

86 2056 376 2114 Pauperiesve
405 2058 621 2106 doment·,
650 2057 788 2100 obstat
816 2057 1053 2101 virtutibus
1083 2058 1178 2101 auri

86 2140 217 2183 Sacra
237 2138 373 2181 fames
392 2169 409 2191 ,
436 2137 675 2195 scelerique
693 2137 866 2182 animos
886 2138 1067 2182 inclinat
1083 2138 1245 2196 egestas
1260 2154 1277 2190 ς

85 2220 234 2276 Atque
259 2218 334 2261 ubi
357 2203 434 2261 res·
445 2217 506 2261 est
531 2217 646 2262 arQa
661 2250 676 2271 ,
700 2218 788 2262 suis
816 2221 889 2262 vel
915 2233 1080 2276 pauper
1103 2220 1256 2264 amicis
1273 2253 1288 2275 ,

87 2300 175 2343 Vel
196 2300 271 2343 fibi
293 2312 523 2357 paupertas
542 2299 669 2343 oneri
688 2299 750 2343 est
771 2316 782 2344 :
804 2302 914 2343 hanc
934 2300 1048 2343 inter
1067 2303 1260 2358 opesque

90 2381 164 2424 Sic
184 2380 378 2424 medium
397 2380 561 2424 insistes
580 2381 664 2424 iter
683 2412 697 2433 ‚
723 2393 773 2423 ut
791 2394 875 2424 nec
893 2395 1029 2438 pagus
1047 2382 1225 2424 habenti

89 2462 292 2510 Invidcat
310 2494 325 2520 ,
358 2475 506 2524 neque
524 2474 569 2510 te
587 2462 757 2508 tursum
775 2462 1023 2509 miserescat
1041 2477 1260 2522 egentem.
