1482 2834
157 221 269 281 268
392 219 729 279 PRAEDII
773 218 1220 278 Rvs'rtct·

151 322 173 378 (
191 321 343 364 Amnis
368 322 444 365 ubi
471 322 572 364 fluit
595 321 750 365 effoss‘o
779 322 855 364 sub
882 318 1072 374 monte)
1095 313 1324 373 patescunt
1376 338 1378 340 ·

150 403 259 445 Haec
284 395 682 460 quoque'cedentis
707 414 826 446 retro
845 399 1028 458 vestigia
1051 395 1211 455 ponti,

152 481 375 539 Signaque
395 482 555 526 diluvii
574 497 587 527 z
609 497 752 541 neque
777 482 898 527 enim
923 480 1191 535 conchisque
1210 473 1394 520 marinis

152 563 209 604 Et
226 563 376 607 sabulo
388 597 400 617 ‚
420 567 540 622 quod
558 565 780 623 utrimque
794 564 922 609 vides
933 599 946 618 ‚
971 558 1245 619 superaddita
1263 558 1391 600 tellus
1470 581 1477 597 ,

156 643 258 685 Huc
283 643 459 688 aliunde
483 646 590 689 vehi
612 645 776 703 potuit.
803 637 954 701 Quum
973 644 1205 700 naufragus
1225 639 1335 684 olim

157 723 298 767 Orbis
325 725 437 782 aqua
462 725 624 778 latuit3
651 725 809 770 nostris
840 724 1003 769 desedit
1028 723 1077 767 in
1101 721 1219 780 agris

160 805 275 862 (Qui
289 817 393 850 tunc
407 820 571 863 pontus
588 809 733 865 erant)
749 810 801 852 de
816 807 1042 851 montibus
1057 803 1250 860 undique
1262 799 1413 844 limus*
1472 779 1482 869 4

160 888 473 933 Debacchante
497 889 609 932 mari
635 900 820 947 raptus3
842 885 1131 946 congestaque
1151 882 1297 926 Gallis

161 968 297 1011 Terra
313 969 481 1027 plagis,
505 969 695 1013 humiles
711 970 915 1026 pelagum
931 963 1170 1010 inclinavit
1186 963 1240 1006 ad
1252 961 1406 1010 Afrosg
1472 933 1482 1041 4

225 1049 394 1092 Omnia
417 1049 594 1095 vastatis
621 1064 728 1107 ergo
755 1061 891 1106 quum
917 1056 1116 1091 cerneret
1140 1043 1261 1088 arvis

164 1130 377 1174 Desolata
402 1131 527 1174 Deus
554 1146 568 1180 ·‚
596 1130 726 1173 nobis
754 1129 900 1173 felicia
917 1126 1029 1171 vini

166 1212 301 1254 Dona
326 1209 446 1253 dedit
462 1225 476 1260 ;
496 1209 637 1253 tristes
656 1208 893 1252 hominum
915 1221 1008 1266 quo
1026 1219 1210 1251 munere
1228 1202 1348 1252 fovit

168 1290 413 1349 Relliquias
435 1325 449 1345 ‚
482 1290 636 1335 mundi
662 1291 826 1334 solatus
854 1289 952 1334 vite
977 1289 1172 1332 ruinam.

172 1373 298 1416 Illius
326 1371 503 1415 edocuit
529 1373 672 1415 cultus
701 1371 917 1427 usumque
933 1356 1169 1419 Noem'um

172 1456 321 1509 Quem
347 1452 514 1510 superis
541 1453 654 1495 male
681 1462 801 1510 grata
819 1450 931 1494 Deis
957 1448 1115 1493 ascivit
1131 1481 1146 1502 ‚
1163 1446 1308 1491 Iacchi

171 1534 398 1586 Nomine,
428 1531 675 1589 posteritas.
703 1531 874 1574 Primus
903 1531 956 1573 de
979 1529 1075 1573 vite
1106 1526 1266 1572 recisas

172 1615 206 1657 F
209 1614 293 1656 ixit
316 1614 455 1657 humo
481 1615 652 1670 plantas
673 1628 687 1662 ·‚
715 1612 930 1655 sarnoenta
954 1609 1138 1674 fluentia
1163 1609 1284 1652 ferro

175 1693 371 1737 Abscidit
388 1725 401 1746 ‚
427 1695 472 1736 &
493 1695 620 1751 largo
644 1691 760 1747 juffit
787 1691 1022 1748 pubescere
1046 1690 1144 1734 fetu
1161 1720 1175 1742 ,

178 1775 455 1831 Calcatisque
484 1775 617 1831 pedes
646 1773 880 1817 hominum
908 1773 1085 1817 sordere
1111 1767 1316 1817 racemis.'

238 1857 408 1901 Felices
435 1855 546 1898 Afiae
573 1855 767 1911 primum
794 1855 883 1897 sata
907 1853 1042 1897 vinea
1065 1853 1204 1896 colles

179 1937 343 1981 'Vestiit
362 1952 375 1981 ε
395 1936 629 1994 Argolicos
655 1935 779 1978 illinc
806 1934 1054 1993 propagine
1082 1931 1216 1978 fausta
1235 1964 1251 1987 ,

1473 1034 1482 1150 ἓ

180 2019 301 2062 Mox
326 2019 462 2060 Italos
490 2016 647 2060 ditavit
672 2030 800 2073 agros
827 2033 838 2059 ε
868 2015 1079 2058 Baccheia
1103 2016 1304 2058 nondum
1466 2038 1482 2043 ··

180 2101 371 2143 Munera
399 2099 636 2142 noscebant
664 2096 784 2140 Galli
807 2129 820 2149 ,
843 2110 978 2153 quum
1003 2095 1146 2152 prima
1164 2096 1360 2141 tulerunt

181 2181 304 2224 Bella
328 2194 407 2236 per
431 2177 649 2221 Ausonias
665 2209 678 2231 ,
706 2176 918 2233 superatis
939 2177 1126 2233 Alpibus
1145 2208 1158 2229 ‚
1185 2189 1284 2219 oras
1300 2190 1315 2220 z

183 2259 277 2314 Qui
308 2258 440 2315 primi
464 2271 628 2301 venere
646 2289 659 2309 ‚
687 2256 789 2298 suos
814 2256 890 2311 spe
921 2255 1063 2299 divite
1087 2255 1229 2299 cives·

183 2342 248 2383 Ut
277 2338 417 2394 patria
441 2340 596 2394 procul
622 2337 830 2379 elicerent
856 2338 1012 2379 tellure
1029 2369 1043 2390 ,
1061 2350 1144 2380 nec
1164 2349 1318 2381 aurum

186 2422 281 2463 Nec
306 2417 494 2474 reliquas
521 2417 690 2461 telluris
718 2430 826 2472 opes
843 2448 856 2469 ‚
881 2416 955 2459 sed
983 2416 1134 2460 nobile
1158 2415 1315 2458 vinum

187 2501 425 2547 Devexere
453 2513 465 2544 ι
492 2496 669 2554 scyphis
687 2528 699 2550 ,
726 2509 858 2541 rauco
883 2509 980 2540 non
1000 2510 1086 2543 εει-ε
1102 2526 1116 2550 ,
1144 2504 1362 2540 vocarunt
