1500 2886
88 259 163 338 38
313 261 662 322 PRAEDH
703 263 1076 323 Rus-rtet

82 362 283 420 Neglec‘ti
309 365 479 408 decoris
503 365 634 408 villas
661 381 676 414 ·,
705 380 812 422 quas
837 379 924 409 una
950 367 1081 410 beato

83 443 228 486 Dives
256 456 395 500 opum
418 446 597 489 fortuna
625 446 708 489 fitu
724 479 735 499 ‚
766 460 982 506 venaeque
1006 448 1215 504 perennis

83 524 296 568 Fontibus
323 527 367 568 ὅτ
390 526 548 584 pingui
571 525 779 571 ditaverit
802 528 935 578 ubere
963 529 1111 573 tellus.

146 605 194 648 Si
222 621 354 664 quem
380 608 501 652 noffe
524 608 650 663 juvat
674 623 788 667 quos
816 610 859 652 ὅ(
885 609 1086 654 felicibus
1109 608 1254 654 hortis

82 687 138 730 Et
162 688 365 732 domibus
390 689 672 747 lymphisque
706 689 848 747 potest
871 704 940 733 ars
969 692 1124 735 addere
1148 692 1291 734 cultus
1310 721 1324 743 ‚

85 768 200 822 Quae
227 781 275 811 tu
303 770 523 814 Cursonio
550 771 732 828 posuisti
758 772 921 828 praedia
947 772 1084 816 fundo

82 848 214 891 Visat
241 865 255 898 ;
281 851 474 907 opesque
499 851 614 904 soli,
645 853 780 896 flores
799 885 812 906 ‚
839 852 1039 910 pomaria
1059 886 1073 907 ,
1101 853 1231 896 filvas
1249 885 1264 905 ‚

82 927 229 986 Atque
245 930 385 974 aditus
403 932 446 974 δι
457 932 569 975 tecta
586 933 741 977 domus
755 966 768 985 ,
788 948 1063 999 operumque
1079 934 1326 991 magistram

81 1010 138 1052 Et
163 1010 502 1055 moderatricem
531 1013 698 1069 stupeat
726 1027 805 1070 per
831 1013 997 1071 lingula
1022 1026 1233 1058 mentem.

84 1092 175 1134 Seu
199 1095 355 1148 procul
381 1095 539 1136 obtutu
565 1093 645 1138 stet
671 1097 1000 1152 contemplator
1023 1094 1072 1137 in
1098 1109 1190 1138 uno
1206 1127 1221 1148 ,

82 1172 231 1229 Atque
256 1173 400 1216 avidis
426 1173 598 1230 primos
625 1175 766 1218 oculis
797 1175 959 1219 delibet
980 1175 1178 1220 honores

80 1253 363 1312 Deliciasque
388 1255 477 1297 loci
504 1271 518 1305 3
546 1255 637 1299 five
663 1256 770 1300 atria
795 1257 938 1314 prima
965 1258 1202 1301 domorum

83 1336 226 1379 Intret
243 1367 255 1388 ‚
285 1335 330 1378 ὅ(
356 1334 548 1379 incertus
574 1349 772 1380 naturam
797 1339 946 1381 laudet
970 1352 1027 1382 an
1054 1350 1191 1383 artem
1208 1371 1224 1393 ,

82 1416 214 1459 Nunc
239 1414 354 1471 ipsas
379 1418 491 1459 aedes
509 1448 522 1469 ,
552 1431 668 1460 nunc
693 1432 793 1461 rura
818 1419 1016 1475 patentia
1046 1420 1214 1463 circum

84 1495 344 1552 Prospiciat.
370 1497 506 1541 Juvat
529 1495 732 1553 inprimis
756 1497 803 1540 in
830 1498 1021 1557 imagine
1047 1499 1208 1542 vivum

84 1577 342 1620 Marmorea
358 1610 371 1629 ‚
397 1577 596 1622 dicamne
619 1591 746 1622 tuum
767 1580 983 1636 populive
1009 1592 1238 1637 parentem

86 1658 296 1714 Aspicere
316 1672 331 1708 ;
354 1659 398 1701 &
423 1659 557 1703 tacita
583 1660 730 1703 secum
755 1660 919 1717 pietate
943 1661 1091 1705 vereri

83 1738 209 1782 Illius
237 1754 316 1783 ora
334 1772 347 1791 ,
372 1738 521 1783 virum
550 1755 648 1798 quae
674 1741 818 1785 custos
848 1742 1019 1799 optima
1046 1743 1269 1800 quondam

85 1820 293 1863 Induerat
309 1852 321 1871 ,
350 1821 470 1863 daret
494 1830 544 1862 ut
568 1821 725 1879 Regno
754 1822 938 1866 Themis
963 1823 1124 1867 arbitra
1147 1825 1285 1882 leges.

148 1898 337 1955 Auspice
362 1911 407 1942 te
432 1898 601 1956 priscos
629 1915 767 1958 quum
793 1902 1046 1946 defendisset
1070 1904 1268 1948 honores

87 1980 203 2034 Quae
229 1981 358 2023 docet
386 1994 454 2023 ars
483 1979 614 2024 Pario
639 1981 796 2025 dustos
824 1981 848 2026 ὲ
874 1996 1094 2027 marmore
1115 1986 1268 2028 vultus

87 2062 286 2104 Reddere
304 2093 317 2113 ‚
341 2062 417 2104 vel
441 2061 556 2104 vivo
580 2061 724 2118 pifiios
751 2061 944 2106 animare
964 2065 1146 2114 colore;
1240 2054 1245 2058 ’

86 2143 170 2185 Illa
192 2154 313 2185 tuam
339 2141 446 2184 seris
471 2141 626 2185 faciem
652 2143 943 2186 transmittere
964 2135 1090 2188 seclis

88 2222 269 2279 Cogitat
288 2222 423 2264 officii
442 2236 642 2266 memor:
663 2235 706 2266 at
725 2237 772 2267 tu
793 2225 1043 2281 (marmore
1062 2240 1327 2285 quamquam

86 2303 312 2345 Dux-arura
335 2303 478 2360 magis
505 2306 805 2348 monumentis
830 2319 925 2348 non
950 2318 1049 2363 eget
1072 2307 1176 2351 ullis

88 2383 219 2426 Fama
237 2383 357 2440 viri)
383 2396 531 2428 tamen
549 2387 629 2429 hac
654 2386 806 2430 donari
830 2389 955 2430 laude
980 2399 1207 2444 parentem

88 2463 303 2519 Expetis;
331 2477 382 2507 ut
404 2465 535 2521 patrii
561 2466 754 2520 majestas
783 2468 875 2511 oris
902 2468 1055 2512 eadem

86 2543 141 2586 Et
169 2544 260 2588 nati
289 2545 429 2602 pietas
455 2547 666 2592 aeternum
693 2549 740 2592 in
765 2548 956 2608 imagine
984 2550 1156 2593 durent.
