1482 2834
408 198 707 261 LIBER
770 199 1019 262 XIII.
1116 246 1120 249 .
1211 215 1328 277 317

87 299 182 346 Dat
210 301 412 348 manibus
428 337 443 358 ‚
470 305 775 363 gemitumque
798 305 894 348 imo
921 305 973 348 de
992 300 1171 360 pestore
1191 301 1331 345 ducit.

91 384 168 426 Nil
196 386 384 441 gemitus
402 419 415 439 ,
438 387 502 429 nil
528 389 615 430 alta
640 387 798 442 juvant
824 385 1042 442 suspiria3
1068 383 1182 427 nulli
1220 411 1236 419 -

91 465 302 511 Noscitur
318 499 330 518 ,
358 467 403 508 &
427 466 616 510 tacitum·
635 467 804 511 cunffis
829 466 1013 523 inspirat
1039 477 1253 510 amorem.

93 544 379 602 Quamquam
395 546 549 606 ignota
561 579 575 599 ‚
594 559 743 590 tamen
761 545 941 605 Cypriis
957 546 1100 590 vitam
1115 545 1206 603 egit
1220 544 1268 587 in
1284 541 1374 588 oris
1390 557 1404 585 ε

92 623 214 667 Hinc
235 626 365 669 habet
383 640 408 669 a
428 629 582 684 Cypro
600 626 680 670 fibi
697 640 880 671 nomen.
900 626 1082 670 Pristera
1098 624 1274 671 Graecis

92 705 226 748 Dicta
251 707 367 760 fuit,
392 720 565 751 veteres
590 706 712 751 Latii
737 707 890 750 dixere
916 695 1199 784 Coluqbam.

153 789 238 831 Illa
263 786 382 830 dedit
407 786 495 830 toti
522 799 690 833 nomen
714 799 815 829 cum
843 786 1053 844 sanguine
1077 785 1233 844 genti;

94 866 314 925 Signaque
338 864 500 923 regalis
522 864 697 924 generis
720 865 967 916 manifesta,
996 879 1208 909 coronam

93 948 277 992 Venice
302 947 438 1005 gestat
465 961 607 990 ovans
623 979 637 1000 ,
660 939 866 1005 regaliter
889 936 1081 991 ambulat
1096 981 1109 1002 ‚
1136 950 1245 991 altas

94 1029 239 1084 Queis
261 1027 428 1072 habitat
452 1012 598 1085 prisco
622 1039 764 1072 turres
789 1029 1085 1086 splendescere
1107 1031 1220 1077 luxu

96 1110 301 1163 Gaudet,
330 1111 375 1153 ὅ(
399 1109 572 1167 ingenti
597 1109 815 1152 sociarum
844 1109 1017 1154 fervere
1042 1108 1169 1162 turba
1184 1124 1197 1151 z

97 1193 153 1234 Et
171 1224 183 1243 ‚
213 1193 334 1248 quod
356 1191 618 1235 foemineum
640 1190 807 1234 vitium
830 1191 891 1234 est
908 1223 921 1244 ‚
947 1180 1143 1235 formosa
1167 1189 1312 1235 videri

99 1274 229 1316 Nunc
255 1285 432 1329 quoque
457 1283 628 1315 mutato
650 1259 751 1314 ⁴vult
775 1284 963 1327 corpore
984 1286 998 1320 ·,
1018 1285 1209 1329 namque
1228 1273 1455 1330 superbam

102 1353 249 1396 Altius
276 1352 341 1395 ire
366 1351 491 1395 vides
508 1384 521 1404 ‚
548 1351 592 1394 ὅτ.
618 1350 941 1395 circumducere
965 1353 1131 1408 collum
1146 1385 1159 1406 ‚
1191 1391 1199 1399 ,

103 1435 248 1492 Atque
273 1433 586 1490 recompositas
611 1433 688 1476 sub
712 1434 810 1490 lege
835 1447 1050 1490 reponere
1077 1436 1268 1491 plumas.

105 1515 338 1559 Munditiae
363 1514 550 1558 studiosa
566 1547 579 1567 ‚
602 1516 747 1557 lutum
773 1514 969 1572 deterget
995 1515 1048 1558 ab
1071 1514 1152 1565 alis
1167 1548 1181 1570 ‚

105 1596 155 1641 Si
180 1598 301 1653 quod
324 1595 435 1639 inest
458 1611 470 1639 ε
498 1609 630 1652 puras
656 1594 856 1652 gradiens
881 1594 1054 1638 affth
1080 1596 1133 1638 ab
1157 1595 1284 1640 omni

108 1678 246 1722 Sorde
268 1677 367 1720 vias
394 1692 408 1726 ·,
437 1677 481 1720 ὅ(
507 1662 601 1720 sola
624 1677 775 1720 avium
800 1690 881 1720 nec
910 1677 959 1720 in
983 1678 1142 1730 arbore
1168 1670 1265 1722 fidit
1280 1711 1295 1732 ,

109 1759 205 1801 Nec
224 1771 388 1801 caecum
404 1771 559 1800 nemus
579 1757 824 1815 ingreditur
837 1790 851 1812 ,
871 1772 966 1802 non
979 1744 1217 1804 immemor
1233 1760 1344 1806 olim

112 1838 343 1883 Silvestres
369 1837 522 1896 quanti
545 1837 709 1881 steterit
734 1837 906 1886 subiiffe
930 1841 1134 1886 latebras.

176 1922 334 1963 Servat
357 1920 496 1962 adhuc
519 1919 650 1962 mites
675 1918 848 1962 animos
878 1919 922 1970 δε
946 1920 1065 1976 pacis
1091 1934 1287 1966 amantes
1303 1953 1321 1977 ‚

114 2003 170 2046 Et
193 1985 510 2048 veteremnon
532 1999 594 2043 est
617 1999 753 2043 oblita
778 1999 960 2056 pudoris
986 2014 1212 2046 amorem:

115 2085 230 2126 Nam
254 2097 397 2140 neque
422 2081 657 2126 concubitu
681 2082 881 2124 volucris
904 2081 1132 2130 ‚castiffima
1156 2085 1289 2130 novit

116 2165 346 2222 Indulgere
369 2177 486 2221 vago
511 2179 524 2207 t
551 2162 678 2206 nubit
703 2162 979 2220 sanctamque
1004 2165 1169 2209 marito

117 2243 290 2291 Praestat
314 2243 473 2303 sponsa
494 2242 627 2289 fidem
644 2276 658 2297 ,
685 2257 768 2287 nec
791 2245 943 2290 vincla
966 2244 1131 2307 jugalia
1153 2247 1307 2296 solvit.

619 2381 840 2430 meki
