1482 2834
450 215 751 274 LIBER
809 211 1077 270 XIJJJ-
1219 225 1340 283 '313

117 317 249 362 Haud
269 329 418 364 tamen
441 318 656 363 infamant
679 315 839 370 majori
867 313 1053 359 crimine
1073 327 1084 355 :
1112 309 1250 366 raptis

116 399 352 457 Indulgent
375 399 516 443 vitam
541 397 712 456 spoliis.
735 398 776 440 It
803 395 950 440 rursus
967 426 983 449 ‚
1013 394 1059 438 &
1079 406 1234 450 agrum

118 477 353 537 vestigans
376 478 591 533 formica,
617 477 731 537 gerit
754 490 848 520 non
875 475 924 518 in
947 475 1024 518 sua
1045 474 1237 531 praedam

95 583 99 601 ;
119 558 296 602 Horrea
318 557 553 604 venturam
578 558 749 616 xllapsae
778 571 880 601 nam
906 555 1099 600 turribus
1123 554 1225 598 altis

118 639 190 682 Ad
212 653 334 683 nova
359 639 575 690 continuo
598 638 855 682 revelabant
882 637 997 681 furta
1021 635 1253 679 columbae.

186 719 437 763 Grandibus
450 730 500 762 ut
514 718 708 777 ptimum
720 750 734 772 ‚
745 716 892 774 penna
906 730 1000 760 non
1015 715 1182 785 impare
1194 745 1209 764 ,
1226 715 1359 772 pullis

115 797 277 845 'Aerias
301 812 470 844 tentare
495 800 628 855 vias,
644 800 695 845 r&
722 812 917 856 quaerere
940 797 1112 841 vichm

120 880 209 924 ‘Vis
237 880 425 937 aetasque
447 880 598 924 finum*
618 896 635 930 3
658 879 775 924 nidis
796 892 894 924 tum
919 890 1061 923 mater
1084 879 1258 922 adultos

123 958 258 1012 Eiicit
275 992 288 1013 ,
315 972 447 1017 atque
472 974 606 1005 novae
631 959 755 1015 iubet
781 961 1039 1007 incunabula
1066 959 1192 1018 proli·

122 1040 292 1083 Cedere
321 1053 333 1080 ε
359 1040 606 1099 demigrant
630 1039 771 1091 tristes
788 1073 803 1094 ,
835 1041 879 1084 &
903 1040 1070 1084 foedere
1094 1039 1225 1097 pacto
1283 1023 1288 1029 ⁸

123 1120 341 1179 Coniugii
366 1121 483 1166 inter
504 1122 549 1165 se
572 1122 758 1169 subeunt
781 1122 899 1166 sacra
922 1121 1072 1165 vincla
1086 1154 1100 1175 ,
1118 1120 1338 1178 novisque

126 1202 276 1246 Prima
304 1216 437 1247 novae
462 1203 587 1260 genti
613 1216 790 1259 ponunt
816 1202 1071 1247 fundamina
1101 1202 1234 1248 nidis-

187 1284 447 1340 Incorrupta
472 1282 540 1326 sui
563 1283 826 1327 conservant
849 1284 1018 1327 foedera
1041 1283 1145 1327 lecti
1163 1298 1180 1333 3

129 1365 187 1407 Et
214 1379 439 1422 nunquam
457 1397 470 1417 ‚
496 1364 578 1407 nifi
603 1364 861 1423 conjugium
881 1366 1009 1409 Mors
1035 1364 1173 1422 impia
1195 1365 1340 1410 solvat
1356 1396 1372 1419 ‚

129 1446 278 1500 Quam
302 1445 397 1490 nidi
419 1445 586 1489 sociam
612 1446 747 1490 semel
773 1446 1313 1505 admisere‚‘relinquunt.

67 1543 74 1554 ¹
130 1526 180 1571 Si
204 1526 395 1584 superest
410 1559 426 1580 ‚
450 1527 708 1585 sponsaeque
733 1526 859 1571 videt
882 1527 956 1571 vir
979 1511 1118 1572 tristia
1141 1529 1228 1573 fata
1245 1561 1259 1582 ,

131 1608 288 1666 Longa
311 1622 486 1653 memor
509 1607 660 1664 damni
681 1607 826 1652 viduo
853 1607 1036 1665 suspiria
1059 1597 1167 1652 nido

133 1688 289 1733 Tristis
301 1688 409 1746 agit,
420 1688 630 1747 lacrymis
642 1688 848 1745 sponsam
864 1690 1376 1748 gemituque'requirens.

198 1769 299 1812 Post
324 1769 401 1814 ubi
425 1768 636 1813 connubii
652 1801 666 1823 ‚
694 1769 939 1828 mortisque
964 1769 1143 1814 exceffit
1169 1771 1316 1831 imago
1334 1806 1348 1827 ,

137 1852 377 1906 Innuptam
403 1861 498 1894 tota
522 1850 683 1907 quaerit
706 1851 760 1895 de
790 1862 920 1910 gente
944 1853 1228 1903 columbam·,
1316 1896 1323 1898 ,

138 1933 286 1987 Atque
311 1941 361 1974 ut
383 1942 500 1974 certa
523 1929 591 1974 sui
615 1931 689 1974 det
715 1931 880 1975 amoris
906 1933 1023 1991 figna
1040 1965 1054 1987 ,
1078 1936 1308 1978 volantem

138 2011 338 2056 Affiduus
364 2010 560 2068 sequitur
580 2026 594 2055 z
620 2013 806 2068 querulo
830 2014 925 2056 tum
950 2025 1126 2070 gutture
1151 2015 1348 2060 flammas

139 2092 343 2149 Explicat
359 2123 373 2144 ‚
398 2092 443 2135 ὅ(
467 2091 606 2136 rostro
630 2093 742 2150 petit
767 2094 915 2138 oscula
935 2127 948 2148 ‚
972 2097 1132 2153 datque
1156 2096 1362 2142 viciffim.

142 2168 260 2216 Tum
282 2172 454 2217 levibus
478 2175 629 2219 duram
647 2207 660 2228 ‚
686 2175 884 2219 simulata
911 2177 1104 2233 percitus
1131 2177 1196 2222 ira
1215 2210 1229 2232 ‚

141 2254 385 2311 Increpitat
411 2253 596 2311 pennis,
624 2255 672 2298 &
697 2255 844 2300 amico
870 2258 1072 2302 verberat
1096 2257 1203 2305 ictu.

146 2336 268 2392 Saepe
286 2336 430 2381 solum
455 2347 635 2381 vertens
662 2336 730 2380 ala
754 2339 973 2394 pendente
1003 2352 1202 2391 rotatum

145 2417 273 2474 Saepe
299 2416 437 2476 gemit
451 2448 465 2472 ,
494 2428 739 2478 teneroque
765 2432 927 2478 procus
951 2422 1171 2469 blanditur
1193 2436 1359 2471 amore.
