1500 2886
579 236 872 292 Ltnssn-
926 228 978 292 1.
1059 239 1113 242 ”
1359 230 1399 304 *1
1459 242 1462 245 ·

162 354 373 414 villaque
393 353 580 399 demiffis
603 354 652 398 in
668 354 858 399 vallibus
877 351 1019 397 abdita
1031 347 1170 406 3-coeli
1236 375 1241 377 -

165 437 404 496 Prospectu
421 449 560 490 caret,
577 436 779 480 obruitur
795 434 1088 492 stagnantibus
1106 429 1235 476 undis
1250 445 1266 481 ς

165 520 312 575 Atque
332 520 536 576 frequens
549 530 692 573 vapor
704 516 756 558 iu
769 516 931 558 nubem
945 525 1178 557 concretus
1195 507 1405 569 aquosam

166 599 354 655 Spicatae
375 597 511 656 segeti
529 607 686 648 nocet,
712 595 757 638 &
771 578 1038 638 florentibu}
1056 594 1175 638 uvis.
1237 619 1242 621 >

226 682 332 723 Non
352 678 508 735 cupide
525 677 758 733 visumque
778 676 911 720 semel
930 676 1176 719 mei-cahere
1195 674 1406 730 fundum3
1426 726 1430 730 ἢ

169 764 293 822 Saepe
311 760 395 804 soli
414 759 549 803 facies
569 771 751 816 quoque
771 757 912 802 fallit:
934 757 1101 800 amicus
1121 769 1308 813 agerque
1320 787 1335 808 ,

166 843 296 898 Quos
314 841 386 884 vis
403 839 490 884 effe
508 853 610 884 tuos
625 872 638 893 ‚
653 841 792 898 longo
813 839 1047 882 noscantur
1067 838 1118 880 ab
1135 837 1232 880 usu.

167 923 281 977 Quae
298 922 413 964 bona
431 921 531 964 sunt
541 953 555 973 ‚
571 919 840 978 propriaque
854 921 1007 963 valent
1022 917 1188 961 virtute
1201 950 1213 971 ,
1229 915 1464 974 placebunt

167 1003 318 1059 Usque
337 1001 494 1059 magis.
519 1001 644 1044 Rarae
658 1001 804 1059 fruges
818 1033 831 1053 ,
843 1000 1136 1058 Virgultaque
1153 997 1303 1055 paffim

165 1084 262 1127 Nec
283 1097 465 1140 procera
485 1082 587 1126 satis
598 1115 611 1136 ‚
628 1096 771 1140 neque
787 1083 916 1126 succo
936 1083 1064 1139 plena
1076 1114 1089 1135 ‚
1105 1082 1326 1124 docebunt

167 1164 218 1207 Si
238 1165 358 1220 quod
377 1163 485 1208 inest
504 1146 628 1207 teri-ze
644 1163 836 1208 vitium:
859 1165 932 1207 sed
950 1163 1095 1207 tabida
1117 1162 1222 1207 coeli

170 1245 220 1288 Si
238 1245 369 1288 fuerit
387 1247 513 1303 plaga
525 1278 538 1299 ‚
555 1245 676 1304 figna
687 1247 848 1290 dabunt
864 1235 1087 1289 manifesta
1104 1243 1304 1289 senestus

172 1326 355 1379 Rarior,
374 1327 556 1371 informi
576 1328 737 1371 macies
757 1311 988 1386 pallorque
1010 1327 1235 1371 colentfim

176 1406 269 1450 Ore
289 1395 464 1461 sedem,
485 1410 718 1452 oculorum
742 1408 857 1452 acies
883 1407 1074 1462 offensa,
1090 1410 1296 1453 laborans

173 1487 355 1542 Pectus,
375 1488 618 1533 &infirmo
639 1489 793 1546 segnes
819 1489 866 1532 in
892 1503 1081 1546 corpore
1106 1500 1296 1534 mentes.

235 1570 355 1612 Lene
374 1568 516 1613 fluens
541 1571 660 1613 coelo
681 1569 927 1628 consentiat
945 1571 1058 1613 unda
1076 1570 1267 1615 salubri:

59 1659 63 1664 ’
152 1675 154 1677 -
175 1650 366 1706 Optima
385 1664 482 1706 quae
503 1650 618 1694 saxis
634 1664 827 1706 praeceps
846 1664 956 1707 aqua
977 1639 1203 1704 volvitui,
1219 1649 1287 1694 illi

178 1732 388 1776 Proxima
407 1746 502 1788 quae
521 1732 666 1788 puteis
684 1732 802 1775 facili
821 1732 1045 1776 deducitur
1060 1731 1211 1776 haustu
1222 1747 1239 1782 ⁰,

179 1812 330 1855 Tertia
347 1812 538 1855 cisternae
550 1844 563 1865 ‚
580 1812 710 1870 pigro
730 1813 951 1855 teterrima
972 1813 1094 1869 lapsu

179 1893 291 1948 Quae
308 1894 451 1938 tacitis
472 1894 626 1951 irrepit
642 1895 756 1953 agris
774 1911 785 1938 :
805 1894 990 1938 immota
1008 1894 1216 1951 palustres

92 1985 95 1986 ’
178 1975 226 2017 Si
250 1974 386 2028 iaceat
410 1989 568 2020 cannas
589 1976 727 2029 inter,
744 1978 817 2020 det
836 1979 994 2034 pocula
1012 1976 1180 2021 tannim
1204 2029 1206 2031 ¹

86 2072 89 2074 ·
179 2056 321 2110 Queis
343 2057 532 2112 praesens
554 2058 754 2114 suprema
774 2057 888 2101 deest
908 2058 955 2100 in
977 2059 1064 2101 fata
1081 2062 1328 2105 venenum}

108 2139 110 2141 ’
181 2137 286 2179 Non
307 2139 418 2180 odor
434 2138 480 2180 in
495 2138 692 2196 lymphis
708 2167 722 2186 ‚
743 2141 854 2181 utin
875 2140 974 2182 aere
992 2172 1005 2192 ‚
1024 2154 1118 2183 non
1135 2140 1264 2197 sapor
1278 2141 1394 2186 ullus

181 2217 433 2272 Quaeritur:
458 2220 664 2277 anguillis
685 2220 716 2263 fi
739 2235 834 2278 quae
856 2222 1013 2274 scatet,
1036 2233 1165 2279 atque
1184 2221 1409 2267 bibentum

183 2298 345 2342 Pallida
366 2299 523 2342 liventi
545 2314 638 2344 non
658 2300 803 2345 inficit
829 2316 905 2344 ora
929 2303 1106 2356 colore,

182 2380 299 2422 Vasa
321 2394 401 2423 nec
421 2382 597 2424 obducit
618 2381 768 2425 crustis
783 2415 795 2434 ‚
816 2397 957 2440 neque
981 2385 1100 2427 lenta
1118 2385 1324 2441 legumen

187 2461 433 2522 Excoquit,
451 2462 495 2507 δι
509 2462 648 2510 facilis
665 2462 882 2520 subjesszos
903 2464 1099 2522 concipit
1118 2465 1241 2522 ignes
1257 2480 1272 2516 3

1014 2563 1016 2566 ’
1067 2549 1106 2591 Α
1136 2545 1187 2593 iv
