1500 2886
182 385 342 500 ρ,
391 383 410 402 .
462 382 481 402 ,.
530 382 549 400 ,.
597 380 617 400 .
667 379 793 510 ,ᾤ

207 583 573 655 LIBER
655 565 1294 669 QUARTUS.

556 729 731 780 Pecora
764 729 951 778 minora.

134 831 297 934 JAM
323 878 499 938 pecoris
520 879 664 922 cultus
682 876 878 935 sequitur
896 875 1209 920 memorandus
1238 872 1369 916 ovilli

136 965 244 1019 Quo
269 961 383 1006 nihil
408 959 565 1005 utilius
596 958 726 1004 terris
750 956 1073 1015 hominumque
1098 954 1272 998 tuendis

135 1042 415 1101 Corporibus
442 1043 610 1085 Natura
639 1038 757 1083 dedit
777 1047 791 1082 Ξ
814 1037 1013 1082 Cerealia
1039 1033 1197 1094 pingui

139 1127 345 1183 Namque
371 1123 481 1167 fimo
497 1121 624 1177 iuvat
640 1134 746 1165 arva
757 1120 942 1169 bidens·‚
962 1119 1006 1162 ὃ(
1020 1117 1229 1161 mollibus
1257 1115 1380 1175 agnis

141 1207 333 1251 Sustinet
349 1206 569 1248 humanos
587 1237 601 1257 ,
627 1216 743 1261 quos
761 1203 929 1247 vellere
946 1198 1147 1258 contegit
1162 1231 1175 1252 ‚
1204 1210 1320 1242 artus
1341 1214 1353 1241 :

141 1289 289 1345 Atque
307 1301 393 1345 ego
413 1283 671 1329 crediderim
687 1282 769 1326 tibi
781 1314 793 1336 ,
812 1282 968 1325 blanda
983 1276 1174 1324 Pecunia
1186 1311 1200 1333 ‚
1217 1292 1383 1322 nomen

130 1369 407 1426 Lanigerum
433 1363 583 1410 fecifl'e
606 1377 742 1421 pecus
759 1396 773 1418 ‚
803 1361 992 1420 pastoria
1017 1360 1247 1419 postquam

141 1448 253 1495 'Vita
272 1449 460 1492 Remum
480 1446 745 1503 fratremque
763 1443 896 1492 tulit3
923 1455 1223 1499 pecorumque
1242 1438 1466 1498 magistros

144 1530 214 1573 Ad
239 1541 380 1571 tantas
410 1509 573 1571 evexit
591 1539 701 1582 opes
721 1557 734 1578 ‚
761 1535 812 1567 ut
840 1521 1010 1566 moenia
1034 1522 1191 1565 Romae

145 1612 199 1654 Et
226 1610 406 1668 populis
436 1611 582 1667 legem
612 1605 813 1650 dederint
841 1605 1075 1661 moresque
1099 1603 1304 1647 subastis.

203 1693 313 1735 Non
340 1689 450 1733 alias
474 1687 617 1732 studio
645 1688 834 1745 pecudes
861 1685 1031 1741 maiore
1055 1685 1273 1729 fovebunt

148 1771 367 1831 Agricolae
383 1785 395 1814 :
415 1781 559 1827 neque
575 1767 696 1812 enim
711 1766 911 1811 stolidam
927 1778 1048 1810 tenet
1062 1767 1153 1810 ulla
1167 1764 1389 1809 bidentem
1481 1815 1483 1819 ι

153 1855 273 1896 Cura
299 1848 368 1894 sui
395 1864 410 1892 τ
439 1851 563 1893 Deus
590 1849 702 1892 hanc
729 1847 819 1892 una
848 1847 1044 1893 munivit
1074 1862 1211 1904 opum
1238 1846 1287 1890 vi
1309 1880 1321 1898 ‚

153 1931 245 1988 Qui
264 1929 445 1989 reliquis
465 1928 584 1974 dedit
601 1941 719 1973 arma
739 1927 844 1973 feris
865 1944 877 1973 z
899 1927 1136 1986 generosus
1155 1927 1204 1971 in
1221 1926 1391 1971 hostem

155 2017 334 2058 Cornua
359 2013 440 2056 bos
467 2009 697 2060 obvertit3
725 2023 866 2068 equus
894 2009 938 2052 se
966 2011 1082 2052 calce
1108 2020 1256 2052 tuetur
1276 2038 1289 2058 ,

153 2096 315 2153 Ungue
340 2087 414 2137 leo
433 2125 446 2147 ‚
475 2090 624 2135 morsu
648 2090 791 2150 tygris
811 2124 825 2145 ,
853 2091 1090 2147 vulpecula
1114 2090 1280 2134 fraude.
1296 2105 1301 2110 “·

155 2175 310 2218 Exerit
337 2187 415 2218 ore
445 2160 564 2218 canie
589 2172 760 2218 stristos
789 2172 837 2216 in
865 2171 1016 2229 praelia
1043 2171 1232 2220 dentes;

159 2254 439 2313 Imbellisque
467 2253 544 2298 fibi
571 2255 682 2312 pede
712 2253 903 2298 consulit
932 2252 1034 2296 alite
1059 2266 1234 2296 cervus.

217 2335 390 2378 Debilis
412 2334 455 2379 ὅ(
472 2334 657 2392 fimplex
675 2334 778 2379 ovis
797 2367 809 2388 ‚
841 2333 1147 2390 indefensaque
1169 2365 1182 2383 ,
1211 2332 1318 2377 forti

157 2417 264 2459 Non
283 2415 433 2460 animo
450 2450 462 2470 ,
491 2430 583 2461 non
599 2417 720 2475 septa
740 2418 899 2474 pedum
919 2414 1100 2459 levitate
1122 2447 1134 2463 ,
1158 2416 1365 2471 luporum

161 2497 256 2541 Nec
283 2497 410 2542 cursu
434 2510 562 2543 cavet
588 2497 762 2543 infidias
780 2530 792 2552 ‚
824 2510 905 2541 nec
930 2497 1059 2541 dente
1085 2494 1259 2552 repellit
1280 2511 1292 2539 ε
