1482 2834
106 237 238 314 *2148
317 235 687 298 ‘1⁹12an
730 237 1156 295 Rvsrtet

117 340 281 383 Indidit
305 341 397 398 ipse
416 374 430 396 ‚
460 342 558 386 rudi
583 340 803 399 permittit
825 351 981 384 caetera
1006 326 1207 386 dextre-3
1272 359 1279 365 —
1307 367 1311 370 -

122 420 196 463 Sic
219 419 386 475 majora
409 436 599 465 movens
625 421 776 466 animo
794 453 806 474 ‚
836 423 932 478 ‘quae
959 420 1096 463 multa
1118 416 1296 475 parabat

123 499 470 561 Praeterit‚atque
481 503 578 546 aliis
590 504 720 547 Maro
731 499 1116 547 commemoranda
1126 496 1356 553 relinquit:

186 582 303 639 Ergo
315 584 442 627 rudes
451 583 538 627 huc
549 617 562 637 ,
574 584 702 627 Musa
716 614 729 637 ‚
739 596 893 642 manus
906 597 917 625 ε
930 579 1018 636 jam
1031 579 1216 636 pullulat
1226 575 1357 633 agris,

125 661 224 710 Jam
250 677 371 707 nova
395 663 614 721 primaevo
637 665 766 710 vestit
791 666 837 708 se
860 664 994 707 vinea
1018 673 1161 703 ramo.

126 741 205 785 Eia
228 743 344 801 agite
369 744 586 802 Agricolae
605 778 618 799 ,
642 744 784 789 rastris
810 746 1011 800 duroque
1037 741 1194 799 ligone

126 821 272 866 Prima
296 821 444 877 juvate
468 825 581 869 novi
605 827 753 883 partus
779 822 1011 868 conamina
1028 854 1042 875 ‚
1068 833 1230 864 terram

93 939 96 943 ,
129 901 309 949 Vertite
324 936 338 957 ‚
369 905 413 948 &
438 905 639 962 obliquas
665 903 827 948 effoffis
851 902 982 946 altius
1005 900 1122 959 agris

128 983 293 1041 Cogite
317 983 482 1028 radices
509 984 740 1029 meliorem
766 982 981 1027 accersere
1005 981 1201 1025 succum.⁴

192 1064 322 1110 Plura
337 1064 462 1107 fimul
477 1065 648 1120 primos
662 1064 855 1108 crescant
870 1057 1051 1119 im'pune
1066 1075 1145 1118 per
1160 1075 1304 1104 annos

131 1143 378 1194 Germina;
402 1159 484 1188 nec
501 1144 610 1188 vitis
629 1145 726 1202 spes
745 1156 839 1188 tota
857 1143 1084 1187 recumbat
1101 1139 1147 1184 in
1166 1156 1260 1185 uno

131 1225 318 1268 Palmite
340 1240 353 1269 e
373 1225 470 1282 post
488 1237 633 1269 ternas
651 1225 822 1270 hiemes
847 1222 1070 1268 manifesta
1088 1222 1262 1280 vigoris

136 1305 270 1363 Signa
288 1318 439 1362 patent
455 1321 468 1355 3
487 1304 630 1349 fluxas
649 1303 778 1349 molli
799 1312 903 1348 tunc
923 1302 1112 1361 denique
1130 1303 1309 1348 frondes

133 1387 350 1429 Decuties
360 1385 503 1443 digito
516 1402 527 1429 :
540 1399 684 1444 neque
694 1384 815 1428 enim
825 1371 938 1442 quos
950 1385 1311 1441 parturit,omnes

134 1466 302 1520 Educat
319 1499 332 1520 ‚
361 1467 405 1510 δε
428 1466 557 1510 succo
584 1466 698 1510 fetus
725 1464 803 1509 alit
828 1467 960 1509 ubere
982 1462 1110 1509 vitis.

199 1548 313 1602 Quae
328 1546 444 1590 ratio
457 1579 470 1599 ‚
488 1560 585 1604 quae
601 1546 726 1589 causa
742 1545 831 1599 rei,
848 1545 936 1602 qua
947 1547 1045 1602 lege
1060 1558 1139 1601 per
1153 1559 1310 1591 omnes

106 1673 108 1675 ,
138 1630 182 1673 It
205 1629 356 1672 succus
379 1641 527 1671 ramos
546 1660 560 1681 ,
588 1627 632 1671 ὅ(
655 1626 832 1672 frondes
858 1625 1052 1683 explicat
1074 1626 1202 1674 arbor
1219 1643 1237 1677 ·,

138 1711 241 1754 Imo
265 1723 345 1768 age
370 1707 552 1754 nutricis
579 1722 677 1766 quae
702 1718 822 1750 tanta
845 1706 1047 1763 potentia
1071 1719 1198 1751 terrae

139 1791 286 1852 Auget
309 1789 360 1833 in
383 1788 626 1832 immensos
647 1787 859 1833 filvestria
880 1785 1048 1832 semina
1070 1799 1250 1833 truncos
1269 1792 1288 1845 ,¹

139 1871 384 1929 Expediam
399 1903 414 1924 ,
443 1870 488 1914 &
506 1869 652 1913 causas
679 1869 840 1913 iterum
866 1869 1044 1914 tentabo
1068 1871 1276 1918 latentes,

206 1953 325 1997 Tota
339 1963 495 1995 recens
511 1948 604 1993 nati
619 1949 696 1995 sub
712 1948 878 1994 cortice
894 1949 1104 2008 germinis
1121 1953 1274 2006 arbor,

142 2034 206 2079 Ut
222 2031 453 2091 perhibent
466 2064 478 2085 ,
490 2032 596 2075 latet
612 2029 659 2074 in
674 2041 854 2074 tenuem
869 2029 1090 2075 conti-afta
1105 2030 1291 2090 figuram
1304 2037 1323 2078 ι’

140 2115 293 2171 Ipsum
317 2114 427 2157 adeo
449 2110 616 2155 vinclis
640 2110 673 2153 fi
697 2108 770 2155 vis
793 2110 982 2155 humana
1007 2111 1167 2157 solutis

141 2193 278 2238 Poffit
304 2193 352 2236 in
376 2192 516 2236 exiles
539 2203 719 2251 germen
745 2189 945 2235 diducere
970 2191 1101 2236 fibras
1122 2225 1139 2247 ‚

142 2273 376 2317 Continuo
403 2270 568 2316 teneris
591 2283 738 2315 ramos
761 2269 944 2314 miretur
970 2271 1014 2315 &
1035 2286 1148 2319 uvas

142 2352 327 2409 Involvi
351 2351 548 2401 tunicis3
569 2362 700 2408 atque
723 2361 771 2394 ut
793 2351 982 2407 puerilia
1004 2354 1200 2397 membra

114 2487 119 2489 ³
142 2430 345 2491 Explicat
367 2431 564 2485 humano
591 2431 827 2478 decurrens
852 2443 1040 2492 corpore
1063 2432 1274 2494 sanguisj
