1500 2834
147 178 256 238 160
378 178 714 235 PRAEDII
759 177 1128 233 Rvsrlct

138 280 221 325 Per
235 293 389 324 nemus
409 293 544 323 omne
562 281 724 324 volans
745 278 980 336 operosam
1001 277 1173 322 viribus
1189 276 1366 322 herbam

137 361 299 404 Attulit
315 393 331 417 ‚
355 362 400 405 &
424 360 554 406 nidos
579 362 698 406 ferro
723 359 934 406 reseravit
963 357 1132 403 abaCto.
1158 354 1162 357 χ

138 441 353 499 Obstupet
376 453 508 500 atque
533 443 619 487 suae
643 445 758 486 latro
783 456 878 486 non
902 441 1141 484 immemor
1165 438 1270 482 artis
1287 471 1301 491 ‚

136 521 358 567 Gramine
375 524 497 582 (quo
521 526 670 581 pullos
693 524 889 583 genitrix
913 522 937 566 ἐι
965 533 1111 566 morte
1131 517 1339 584 reduxit)

134 604 287 648 Utitur
309 618 359 649 ut
382 607 526 662 portis
555 609 709 658 clayos
737 608 790 650 ad
818 607 934 670 furta
963 602 1132 648 refixos

134 684 370 739 Excutiat,
390 686 617 745 tacitoque
645 687 760 731 seras
788 701 813 730 a
837 685 959 743 poste
986 685 1189 728 revellat.
1222 700 1227 704 ’

193 767 436 812 Arboribus
462 782 583 811 nova
606 767 720 825 saepe
745 766 834 810 tuis
858 765 1097 810 innascitur
1122 765 1250 808 arbor
1264 770 1284 819 ,’

133 849 309 892 Naturae
333 863 428 894 non
452 847 557 893 artis
583 863 697 906 opus
719 864 733 899 ·,
759 849 836 892 seu
860 847 1004 898 fertile
1028 847 1180 890 semen

132 931 304 974 Fronde
329 930 483 975 sedens
508 929 707 974 volucris
731 928 834 973 laxa
858 927 1103 992 profuderit
1128 928 1265 975 alvo3

131 1011 392 1055 Molliculus
418 1023 575 1055 trunco
601 1010 765 1068 patitur
791 1011 910 1067 quod
936 1009 985 1052 in
1012 1007 1188 1065 hospite
1212 1019 1369 1052 cortex

130 1093 314 1137 Radices
339 1107 468 1151 agere
484 1126 497 1147 ‚
525 1105 658 1150 atque
684 1091 831 1135 alieno
855 1085 1014 1135 vive're
1038 1088 1187 1132 succo.

131 1174 204 1218 Sic
230 1189 413 1233 croceos
440 1174 596 1232 paffim—
614 1173 752 1217 muris
777 1184 1008 1229 erumpere
1034 1169 1168 1213 flores

129 1255 405 1314 Proceraque
429 1254 620 1299 humiles
646 1254 694 1297 in
719 1266 838 1297 turre
863 1252 1084 1297 virescere
1108 1239 1279 1307 plantas

130 1337 377 1396 Aspicimus
395 1370 408 1391 ‚
432 1337 581 1381 semen
606 1335 795 1394 genitale
819 1332 1058 1378 ferentibus
1082 1331 1218 1389 auris.

189 1420 397 1463 Arboreae
425 1418 543 1462 vitio
567 1431 695 1461 venae
721 1416 796 1459 seu
824 1412 999 1458 ductilis
1025 1412 1188 1454 humor
1215 1433 1228 1458 ι

129 1501 387 1558 Degeneres
412 1512 560 1543 ramos
587 1499 632 1541 &
658 1495 902 1554 prodigiale
926 1493 1125 1538 virentes

129 1581 320 1625 Parturit
334 1613 347 1634 ,
374 1579 544 1623 utiliter
562 1591 746 1635 peccans
763 1592 776 1620 ε
792 1574 897 1619 hinc
912 1587 1102 1631 namque
1123 1574 1311 1618 colonus

128 1662 317 1706 Edidicit
342 1660 507 1705 truncis
534 1657 815 1716 peregrinum
841 1655 1065 1700 includere
1091 1667 1290 1711 germen.

189 1745 291 1801 Ipsa
317 1743 406 1786 suis
430 1741 602 1784 viscum
626 1737 759 1782 ramis
786 1737 846 1780 ita
872 1735 1056 1779 seminat
1075 1734 1200 1784 ilex·,

127 1824 340 1870 Diffimili
365 1822 443 1880 qui
465 1822 620 1866 fronde
645 1819 776 1863 viret.
801 1818 878 1861 Nil
904 1815 1050 1861 Gallia
1075 1815 1216 1870 majus

128 1908 206 1952 Nil
230 1904 382 1950 habuit
408 1904 630 1961 quondam
659 1915 823 1958 quercu
849 1899 1052 1943 sacratius
1083 1899 1158 1942 illa
1182 1931 1196 1951 ,

128 1987 353 2034 Divinum
378 1996 505 2042 partu
530 1985 691 2026 tulerat
717 1996 813 2039 quae
842 1980 982 2025 divite
1009 1979 1181 2024 viscum
1202 1996 1214 2024 :

129 2073 184 2114 Et
199 2081 464 2127 quamquam
479 2078 661 2109 nemore
677 2077 735 2106 ex
757 2065 848 2106 alto
865 2063 941 2119 qui
961 2061 1095 2106 fausta
1112 2061 1304 2105 tuliffent

127 2152 266 2210 Ligna
281 2152 464 2193 domum
481 2180 494 2201 ,
522 2160 605 2190 nec
631 2144 723 2188 dira
746 2143 826 2187 fibi
844 2143 1134 2201 gregibusque
1153 2141 1362 2185 timerent

127 2232 302 2277 Toxica
319 2263 332 2283 ‚
353 2243 434 2272 nec
454 2225 647 2286 gravidis
666 2223 878 2268 inimicos
898 2223 1098 2267 meffibus
1118 2222 1296 2267 Austros
1315 2238 1330 2272 ·‚

129 2311 344 2358 Germina
370 2310 490 2353 sacra
513 2322 661 2352 tamen
685 2306 774 2349 ritu
799 2304 985 2349 demefi‘a
1008 2317 1195 2361 paterno

126 2395 209 2445 Per
231 2390 422 2439 Druidas
448 2389 625 2448 templis
650 2388 697 2434 in
722 2386 894 2453 publica
916 2386 1012 2445 jura
1034 2387 1254 2434 locabant.

1242 2464 1358 2521 Ergo
