1482 2834
158 224 271 302 298
376 226 725 284 PRAEDII
769 226 1144 284 Rvsrtct

151 326 300 380 Rullus
325 326 445 369 enim
474 328 748 386 mundosque
773 328 883 371 fimo
909 327 1067 386 gallina
1093 333 1275 384 penate}

150 406 354 450 Sordidat
378 422 392 456 ;
422 408 466 451 δε
491 409 628 451 Mufis
655 409 686 452 fi
715 409 910 452 dulcibus
937 409 1031 453 otia
1057 408 1148 452 ruri

150 485 406 531 oblectabis
423 519 436 540 ‚
463 502 566 532 anas
595 490 640 532 &
665 493 859 549 garrulus
886 484 1012 534 anser*
1035 487 1176 531 acutis

149 553 299 623 Usque
327 567 538 612 laceffitas
565 583 770 626 rumpent
796 570 1077 626 clangoribus
1102 581 1246 612 aures.

211 647 461 706 Contiguos
485 650 616 694 furno
641 651 769 694 nidos
796 652 814 709 (
833 663 967 707 tepor.
990 652 1104 696 unde
1130 647 1312 697 salubris

148 728 417 787 Perveniat)
445 745 666 788 compone
691 732 758 775 tui
784 747 924 788 prope
950 732 1063 779 teila
1088 730 1273 783 coloni·,

147 810 310 855 Audiat
335 822 386 860 ut
409 810 593 869 vigilem
619 814 780 869 gallum
795 844 808 864 ‚
837 812 914 869 qui
941 826 1068 855 mane
1094 824 1255 855 canora

149 890 282 940 ¹Voce
309 890 427 936 diem
457 891 562 936 citat
578 924 591 945 ,
619 893 663 935 &
692 892 874 940 somnos
900 892 1119 948 abrumpit
1145 891 1326 937 inertes.

206 972 368 1029 Tutius
396 971 457 1016 est
485 971 621 1022 craffo
649 974 814 1028 paleata
844 973 1004 1023 cubilia
1030 987 1160 1016 muro

145 1054 301 1101 Indete
319 1086 332 1107 ,
363 1053 496 1110 quam
525 1055 721 1097 calathos
748 1053 852 1097 fixis
879 1055 1139 1110 suspendere
1163 1053 1302 1099 clavis
1318 1068 1338 1105 ⁶,

144 1133 368 1191 Praecipiti
395 1149 509 1192 quos
536 1136 648 1192 saepe
674 1135 762 1178 ruit
786 1121 1141 1193 gallina'volatu.

206 1215 425 1268 Matribus
452 1217 500 1260 in
527 1217 692 1261 sobolis
720 1218 842 1273 spem
869 1216 1209 1274 parturientibus
1227 1249 1240 1269 ‚
1265 1222 1386 1272 ova,'⁴

143 1296 293 1340 Putria
319 1298 401 1349 sint
425 1297 531 1341 licet
555 1311 629 1341 aut
655 1299 797 1356 gypso
826 1298 1016 1342 conficta
1032 1330 1045 1350 ‚
1073 1301 1316 1356 relinques.
1352 1339 1357 1343 ,

143 1378 324 1422 Sedibus
350 1378 398 1422 in
424 1380 581 1423 mediis
607 1393 746 1426 crates
771 1381 984 1437 suspende
1002 1413 1015 1432 ,
1043 1380 1203 1426 dolatis

141 1460 194 1503 In
214 1461 423 1516 quadrum
441 1461 606 1504 baculis
623 1477 636 1510 ·,
658 1476 715 1505 ne
734 1475 847 1519 quos
866 1463 1001 1518 sopor
1022 1464 1136 1504 altus
1153 1462 1358 1520 habebitg

141 1541 328 1585 Lubrica
355 1542 546 1599 decipiat
572 1543 810 1587 titubantes
836 1544 1192 1600 perticapullos.

140 1623 205 1670 Ut
229 1623 444 1667 thalamos
468 1623 629 1671 iterum
645 1657 658 1677 ‚
686 1625 717 1668 fi
742 1624 818 1682 qui
843 1626 1047 1679 labuntur
1063 1658 1074 1677 ‚
1102 1625 1151 1667 in
1177 1627 1290 1670 altos

143 1704 420 1762 consurgant
439 1738 452 1758 ‚
478 1721 607 1750 muro
636 1707 853 1763 proclivis
883 1708 1096 1750 adhaereat
1128 1705 1235 1750 affer

140 1784 356 1828 Formatis
382 1786 506 1842 asper
532 1787 731 1845 gradibus
759 1804 772 1835 2
799 1802 896 1844 pars
925 1790 1124 1832 scandula
1151 1801 1314 1837 matres
1362 1781 1367 1787 ¹

141 1865 337 1919 Adjuvet
362 1882 388 1910 e
411 1867 534 1923 pastu
560 1870 742 1912 reduces
764 1902 776 1921 ‚
803 1881 853 1923 ut
881 1872 934 1913 ad
958 1873 1071 1913 alma
1097 1870 1262 1927 quietis

140 1948 328 1991 Munera
347 1948 578 1992 succedant
597 1949 815 1993 domibus.
842 1952 926 1994 Sed
951 1952 1134 2008 vespere
1161 1953 1260 1996 sero

139 2029 387 2086 Applicitas
414 2046 598 2077 remove
624 2032 759 2079 scalas
788 2048 801 2080 ·‚
829 2048 883 2077 ne
910 2034 1030 2076 vafra
1058 2035 1307 2089 subintret,‘

139 2111 195 2154 Et
220 2123 365 2154 vertat
391 2112 588 2168 placidos
612 2115 845 2168 vulpecula
872 2115 1024 2157 funere
1050 2115 1231 2159 somnos
1248 2131 1262 2159 t

141 2191 310 2235 Omnia
337 2204 478 2235 tentat
502 2191 622 2235 enim
647 2192 737 2235 fera
762 2192 939 2248 peffima
957 2227 969 2244 ‚
991 2195 1198 2254 sanguine
1219 2197 1350 2246 siccas,

138 2273 203 2316 Ut
229 2273 356 2316 satiet
382 2274 527 2318 fauces
553 2289 567 2323 ς
599 2274 642 2316 &
669 2274 892 2331 ganinaria
911 2308 924 2326 ‚
949 2258 1077 2319 tristi'

141 2354 270 2404 Caede
296 2354 446 2396 furens
463 2387 475 2407 ,
499 2355 666 2398 miserae
695 2354 880 2398 funestet
905 2357 1098 2414 imagine
1123 2359 1272 2403 cladis.

197 2435 270 2477 Tu
293 2449 471 2492 quoque
496 2436 622 2480 neae
648 2438 775 2480 dolos
799 2452 812 2485 3
838 2439 880 2481 &
906 2439 936 2480 fi
964 2439 1027 2482 nil
1053 2441 1163 2483 retia
1185 2439 1351 2496 profint

137 2516 368 2574 infandum
393 2516 616 2576 proscribe
640 2518 772 2576 caput
796 2534 810 2571 3
836 2519 1055 2582 raptisque
1077 2519 1284 2576 juventu-s
