1482 2834
125 292 238 374 388
360 287 692 344 PRAEDYI
735 275 1109 331 Rvsrtct

122 388 462 451 Quadrupedem
480 380 662 426 fleitens
684 377 812 420 orbes
830 389 842 417 :
863 385 957 415 tum
977 372 1198 426 provocat
1211 356 1411 414 hostemg

125 472 221 529 Qui
245 483 379 527 quum
407 461 651 510 carceribus
671 468 865 514 praeceps
891 449 1036 506 erupit
1053 480 1068 501 ,
1092 446 1136 490 ὃ(
1162 441 1300 486 ictum

127 555 153 600 J
158 567 229 597 am
253 548 401 594 stri&o
426 543 613 603 propior
639 552 777 583 cornu
803 532 1036 579 meditatur
1062 543 1078 578 ·‚
1104 525 1318 569 habenam
1460 577 1463 581 Δ

128 632 286 679 Flectit
310 641 446 686 eques
476 626 663 668 celerem
690 635 705 669 ·,
732 627 934 676 gyroque
963 608 1133 667 elapsus
1149 639 1163 659 ,
1186 611 1368 648 euntem.

130 711 338 770 Impetit‚
360 711 405 756 &
430 705 565 764 longi
593 714 767 747 taurum
794 696 896 755 ferit
920 691 1110 750 impiger
1133 683 1267 731 hasti.
1439 649 1482 699 ‘⁸'

131 796 213 840 Ille
242 793 396 836 dolor-e
420 789 550 833 ferox
570 817 583 837 ‚
607 780 805 840 sequitur
831 791 911 835 per
940 783 1088 831 aperta
1113 769 1344 814 volantem

130 875 332 932 AEquora
345 867 692 928 quadrupedem·,
711 862 784 905 sed
801 859 958 903 idonea
977 864 1178 909 tempora
1194 857 1373 904 captans
1443 836 1446 838 ’

135 954 268 998 Instat
293 966 427 1010 eques
446 983 458 1003 ,
483 945 731 1001 vulnusque
752 943 899 985 ferens
924 935 1083 980 lethale
1104 964 1116 984 ‚
1136 928 1375 984 juvencum
1432 915 1438 962 J

140 1034 307 1083 Sternit
324 1032 447 1076 humi
465 1046 479 1080 ·,
499 1028 734 1082 vistorque
761 1021 908 1065 virum
936 1012 1177 1060 conversus
1197 1009 1245 1052 in
1264 1020 1342 1050 ora
1357 1037 1373 1058 ‚

140 1117 288 1162 Laude
317 1113 392 1156 sua
420 1110 577 1154 fruitur
602 1104 761 1148 tacitus
779 1134 792 1154 ‚
817 1097 1057 1158 plausuque
1083 1092 1330 1137 faventum.
1407 1117 1410 1119 -
1436 1095 1438 1098 '

206 1191 411 1239 Venandi
434 1188 575 1233 studio
601 1182 791 1242 superest
820 1172 1047 1224 includere
1069 1170 1192 1216 silvis

146 1274 418 1323 Horribilem
447 1269 619 1314 feritate
648 1268 802 1322 lupum
821 1295 833 1314 ‚
866 1261 1138 1315 vulpemque
1166 1249 1382 1295 dolosam.

148 1358 268 1403 Proh
288 1365 495 1413 quantum
514 1347 715 1392 exsolvat
733 1341 924 1401 pretium
943 1335 1055 1395 mihi
1071 1332 1238 1378 Villica
1257 1334 1267 1375 !
1285 1340 1401 1386 quan
1421 1322 1447 1384 Ἰ
1469 1311 1472 1365 ἕ

149 1437 298 1484 Pastor
325 1444 440 1478 emat
466 1434 479 1475 ⁷!
507 1426 668 1472 merito
693 1426 895 1468 damnem
921 1418 953 1461 fi
980 1426 1150 1476 carcere
1175 1412 1311 1455 fures.

149 1521 258 1565 Non
286 1517 348 1560 ita
378 1511 551 1558 difficile
581 1507 643 1551 est
667 1505 821 1549 vivam
851 1496 1117 1556 deprendere
1140 1493 1323 1547 vulpem
1340 1500 1358 1531 .·

153 1599 256 1646 Post
279 1596 354 1640 ubi
379 1601 656 1649 compertum
685 1598 775 1643 quo
801 1582 845 1626 se
870 1577 1170 1631 nocturnaque
1199 1570 1362 1614 condat
1446 1557 1469 1613 ἶ-

154 1683 286 1726 Furta
311 1689 422 1721 cavo
450 1689 464 1723 ·‚
495 1682 635 1715 tetros
662 1664 897 1710 accendant
920 1658 1040 1702 intus
1068 1655 1227 1698 odores
1244 1682 1261 1706 ,
1451 1645 1458 1652 ”

157 1763 213 1806 Et
241 1757 407 1816 positos
434 1753 580 1811 primo
608 1742 787 1792 tendant
814 1743 862 1787 in
890 1739 1044 1785 limine
1074 1733 1226 1791 caffes.

160 1839 402 1898 Impatiens
425 1834 535 1879 fumi
560 1830 674 1875 subit
702 1830 820 1871 ultro
850 1821 959 1867 retia
983 1821 1142 1875 vulpes
1161 1831 1176 1860 t

159 1921 319 1968 Vincit
334 1917 453 1962 enim
467 1911 643 1958 versuta
660 1910 788 1953 dolor
803 1915 978 1963 quoque
995 1897 1172 1957 pectora
1185 1927 1199 1948 ‚
1217 1889 1411 1951 praesens
1442 1943 1446 1953 Ἃ

162 2000 304 2047 Exitii
328 2011 471 2055 neque
499 2005 633 2051 poena
661 1987 760 2032 finit
790 1980 1035 2029 meminiffe
1065 1975 1219 2023 futuri.

227 2080 349 2126 Mira
371 2077 521 2122 fraude
545 2075 699 2128 lupum
723 2066 869 2124 capies
885 2097 898 2118 ,
924 2059 1107 2120 piscaria
1134 2057 1282 2102 celant

169 2164 274 2209 AEra
301 2158 410 2205 cibis
439 2173 451 2201 ε
479 2167 628 2199 carnes
655 2152 698 2194 &
724 2143 1027 2191 inextricabile
1050 2142 1216 2187 ferrum

171 2243 326 2289 Haufit
346 2239 424 2284 ubi
440 2271 452 2291 ‚
478 2235 550 2280 vis
575 2234 694 2277 nulla
719 2227 859 2287 potest
883 2225 1113 2271 exsolvere
1138 2220 1288 2263 rubras
1306 2247 1321 2269 ,

173 2326 280 2369 Non
304 2311 461 2366 ovium
484 2317 574 2371 iam
598 2314 713 2358 caede
731 2344 743 2364 ‚
771 2309 851 2353 suo
877 2307 950 2350 sed
978 2300 1185 2360 sanguine
1209 2300 1372 2343 fauces.
1416 2278 1417 2281 Ἰ

235 2400 490 2457 Praecipites
521 2397 656 2440 etiam
682 2392 732 2435 in
756 2391 911 2434 foveas
937 2387 1034 2443 gula
1064 2380 1201 2425 trudit
1229 2377 1406 2424 edacem

173 2482 417 2542 Imperiosa
440 2481 613 2536 lupum.
636 2476 793 2518 Caecos
820 2465 991 2512 telluris
1015 2463 1161 2508 hiatus
