1500 2834
411 233 783 287 ,LIBER
869 228 938 282 V.
1219 244 1329 302 ¹39

96 328 152 372 Et
177 329 288 372 duro
317 329 468 375 calicis
497 331 745 374 munimine
773 328 905 373 vestit
924 342 939 378 3
958 325 1155 371 hiantem

44 413 48 415 ‘
95 408 218 452 Dein
234 412 408 456 modice
426 411 549 466 jubet
572 411 807 469 explicitas
825 411 1042 455 evolvere
1065 409 1243 454 frondes
1265 435 1290 461 ,Δ

96 489 193 533 Nec
216 503 342 535 totos
370 493 541 550 aperire
564 492 681 535 finus
698 523 713 545 ,
738 492 815 535 sed
839 491 1005 534 discere
1032 490 1189 534 senfim
1236 499 1244 502 ·

97 571 282 629 Frigora
303 574 435 618 nocte
459 573 552 630 pati
566 606 582 627 ‚
613 572 845 629 calidoque
869 571 1107 615 affuescere
1131 570 1233 615 soli.

98 652 272 697 Interea
296 654 485 699 ῐωᾶιιιιι
511 653 684 712 gremio
708 652 795 696 flos
821 652 975 696 mollis
1002 652 1146 695 olenti

98 734 265 779 Educat
283 768 297 787 ‚
328 736 373 779 &
399 746 555 780 tenero
583 747 747 779 ventos
776 732 969 778 defendit
994 724 1176 776 alusffino
1195 747 1209 776 z

99 815 215 859 Sunt
242 815 408 859 etenim
434 816 571 861 flores
598 817 725 860 velut
751 814 1014 859 incunabula
1040 812 1200 870 pomi,

99 895 306 940 Praefidio
334 897 408 940 cui
432 898 533 941 sunt
558 895 797 954 decorique
823 911 838 946 ;
863 909 947 940 nec
973 905 1074 938 ante
1102 892 1267 938 relictis

102 976 256 1020 officii
282 972 506 1022 memores
531 975 667 1026 ramis
693 978 931 1026 labuntur-3
959 987 1132 1033 apertas

101 1058 252 1114 Quam
270 1075 407 1117 quum
426 1060 539 1104 ferre
557 1059 701 1116 potest
719 1057 886 1103 fruRus
904 1057 993 1113 jam
1011 1055 1187 1101 firmior
1201 1070 1344 1100 auras.

100 1141 137 1184 1·
138 1156 243 1186 rons
259 1154 456 1186 remanet
468 1175 481 1196 ‚
498 1140 699 1185 tremulis
715 1141 831 1184 soles
847 1151 897 1183 ut
913 1148 1131 1196 temperet
1144 1138 1328 1184 umbris.

166 1224 387 1278 Quamvis
415 1224 460 1267 δι
485 1223 656 1267 cerasos
683 1223 728 1266 &
752 1220 939 1265 amicam
961 1221 1097 1264 vinea
1120 1219 1256 1264 ficum

55 1314 60 1317 ’
102 1302 310 1361 'Accipiat
336 1305 564 1361 sociasque
588 1318 729 1362 pyros
758 1303 802 1346 &
832 1301 1001 1347 Perfica
1024 1303 1171 1351 mala;

102 1386 342 1444 frugiferis
369 1399 518 1430 tamen
548 1386 777 1430 arboribus
803 1384 1017 1442 propiora
1046 1382 1270 1440 relinques

104 1468 226 1510 Arva
248 1468 385 1510 domo
402 1500 415 1521 ,
443 1467 590 1526 gregis
622 1465 667 1511 &
697 1466 857 1524 populi
882 1458 1031 1510 secura
1058 1464 1246 1523 rapacis.

166 1547 346 1592 Intactis
369 1563 511 1607 pyrus
538 1547 716 1606 affut-git
740 1547 966 1592 liberrima
989 1546 1123 1591 ramis
1143 1579 1157 1600 ‚

106 1631 379 1674 frondentes
403 1631 479 1674 vel
506 1630 634 1674 tonsa
658 1644 807 1675 comas
826 1663 839 1684 ‚
864 1629 1081 1674 brevitate
1107 1627 1258 1673 coacta

108 1710 388 1768 Deprimitur
412 1726 428 1761 ς
456 1713 533 1754 vel
557 1724 639 1767 per
665 1723 829 1755 cratem
853 1710 1064 1768 praetensa
1081 1743 1095 1764 ,
1116 1709 1291 1767 sequaci

110 1793 284 1835 Fronde
311 1791 425 1850 tegit
452 1804 627 1836 murum
644 1823 659 1845 ‚
683 1791 928 1849 fruiturque
957 1794 1107 1835 calore
1135 1783 1295 1834 reflexi

112 1874 233 1919 Solis
250 1907 264 1928 ‚
292 1875 337 1918 ὃ(
362 1874 523 1919 artifici
551 1876 731 1919 decorat
758 1874 959 1932 pomaria
982 1884 1124 1917 textu.

175 1957 264 1999 Seu
281 1957 487 2014 protensa
505 1970 644 2015 pyrus
663 1955 877 2015 pictisque
896 1953 1119 1999 fimillima
1146 1953 1294 1998 flabris

56 2063 58 2065 >
115 2039 295 2083 Haereat
323 2040 376 2082 ad
399 2052 554 2082 muros
580 2053 594 2088 ·,
621 2037 760 2082 vincli
786 2038 861 2081 seu
887 2037 1023 2080 libera
1050 2037 1234 2079 tendens

119 2119 299 2171 Brachia
316 2152 330 2173 ,
354 2118 511 2163 crateri
535 2119 723 2163 fimilem
748 2119 961 2176 pandatur
994 2118 1041 2160 in
1067 2118 1220 2161 orbem
1240 2131 1254 2166 ;

118 2201 311 2258 Imperia
336 2201 385 2245 in
407 2215 554 2247 ramos
581 2214 755 2245 memor
783 2213 996 2244 exercere
1019 2198 1208 2242 fluentes

120 2282 320 2337 Rusticus
336 2315 350 2335 ,
381 2282 563 2326 attonfis
590 2282 712 2326 norit
742 2296 839 2339 quae
866 2281 1003 2340 gratia
1029 2278 1194 2329 ramis·‚

122 2363 237 2418 Quae
262 2362 415 2421 potior
437 2363 572 2408 facies
593 2362 734 2421 primo
759 2363 987 2407 formanda
1010 2361 1088 2404 sub
1111 2374 1212 2404 aevo
1231 2375 1244 2403 ε

127 2445 261 2490 Instar
285 2445 407 2491 enim
434 2444 562 2503 pueri
577 2476 590 2500 ‚
615 2458 754 2503 prave
781 2457 916 2502 quum
943 2441 1126 2503 fingitur
1152 2443 1281 2486 arbos
