1482 2834
96 289 237 378 ’.ζῇ
355 280 685 359 PRAEDJJ
744 299 1114 359 Rvsrlct

113 402 242 446 Unus
270 400 390 446 enim
416 386 591 460 lepores
618 403 824 460 impastos
852 404 967 447 inter
983 437 996 457 ‚
1016 398 1173 446 edendi
1228 388 1230 390 ¹

113 484 274 526 Fervet
292 498 442 528 amor:
466 484 658 527 Veneris
676 498 818 541 neque
837 496 1001 527 norunt
1019 482 1222 540 praemia,
1238 482 1437 527 blandam·

113 564 208 605 Nec
233 564 433 606 sobolem
459 576 611 607 curant
638 566 820 607 educere
848 580 859 608 z
888 564 1052 606 tristior
1079 563 1204 606 illos‘
1230 564 1234 566 ’

113 646 232 686 Cura
259 646 409 687 domat
435 661 446 688 :
472 657 633 687 terram
658 644 832 687 fodiunt
849 677 862 697 ‚
887 643 1110 700 avidoque
1135 644 1322 686 latentes

110 723 357 767 Herbarum
385 723 538 780 stirpes
570 726 810 767 corrodunt
839 726 967 779 dente
986 757 999 777 ,
1027 738 1109 767 nec
1134 723 1277 780 ipsam

111 805 166 847 In
183 805 382 849 sobolem
403 805 545 850 saevos
562 788 746 849 horrent
762 821 941 864 quoque
957 818 1132 849 vertere
1150 803 1322 848 morsus
1339 818 1353 848 ε

111 885 201 929 Seu
228 886 351 930 furor
377 885 438 931 est
454 920 467 940 ‚
500 887 697 943 pietasve
730 887 870 944 magis
898 903 912 937 3
938 886 1145 944 lentaque
1170 898 1353 944 putetur

108 965 282 1011 Durius
307 967 392 1012 effe
418 969 532 1031 fame
550 1002 563 1021 ‚
592 967 724 1026 quam
750 970 880 1012 dente
906 968 1052 1025 perire
1078 978 1282 1024 paterno.

174 1049 259 1091 Sed
282 1063 374 1091 non
399 1063 487 1091 una
512 1050 648 1092 fames
676 1050 923 1092 catulorum
948 1048 1156 1106 sanguine
1182 1059 1354 1106 patrem

111 1128 209 1172 Ora
236 1130 368 1172 docet
395 1141 609 1172 temerare
636 1144 648 1173 ε
677 1143 826 1172 novos
853 1140 903 1172 ut
928 1128 1113 1172 foemina
1138 1140 1291 1184 partus

109 1209 297 1268 Cogitet
315 1242 327 1261 ‚
357 1211 400 1252 δε
425 1221 602 1253 teneros
629 1223 722 1252 non
749 1199 1004 1265 aspernetur
1027 1221 1234 1258 amores;

110 1291 214 1334 Mas
234 1303 358 1334 necat
376 1291 469 1347 ipse
487 1291 610 1333 suam
623 1322 634 1343 ‚
653 1289 900 1333 stimulante
915 1288 1096 1333 libidine
1114 1322 1126 1342 ‚
1145 1289 1317 1345 prolem
1341 1302 1354 1333 t
1448 1347 1450 1352 Ι

108 1372 305 1415 Tantum
324 1372 453 1414 audet
472 1371 683 1414 scelerum
699 1352 890 1413 Veneris
908 1370 1151 1413 malesuada
1166 1370 1401 1427 voluptas!
1454 1366 1461 1397 5

172 1453 277 1494 Non
304 1451 452 1509 ignara
481 1449 612 1502 mali,
644 1448 820 1506 quoties
845 1450 897 1492 ad
922 1449 1080 1507 pascua
1105 1461 1246 1493 mater
1447 1434 1453 1442 '⁴

108 1531 393 1588 Progreditur
410 1563 424 1584 ‚
447 1530 578 1572 nidos
605 1529 774 1585 stipulis
803 1529 997 1586 fenoque
1027 1529 1206 1573 relistos
1439 1578 1455 1593 Ἢ

111 1612 293 1655 Occulit
307 1644 321 1665 ,
340 1613 384 1655 &
404 1611 590 1668 sparsam
610 1610 792 1668 pedibus
812 1610 1059 1668 superaddit
1078 1620 1274 1655 arenam.'
1420 1640 1422 1642 v
1432 1594 1454 1687 ἐ

109 1694 184 1736 Tu
210 1707 317 1736 cave
343 1708 399 1736 ne
425 1692 588 1736 reseres
616 1691 757 1735 aditus
773 1724 786 1744 ,
819 1705 934 1748 quos
965 1691 1041 1734 illa
1066 1691 1310 1748 (maritum
1422 1686 1459 1754 ζ

108 1773 402 1828 Formidans)
428 1772 572 1815 herbis
601 1772 653 1825 δε,
670 1773 855 1828 pulvere
880 1771 1078 1831 contegit
1106 1774 1214 1823 alto.
1427 1757 1431 1759 “

107 1854 159 1898 Si
194 1868 373 1910 patuere
400 1854 520 1896 fores
549 1869 563 1902 ;
593 1852 734 1909 stupet
759 1853 858 1909 ipso
887 1852 935 1895 in
962 1852 1119 1897 limine
1147 1858 1319 1912 mareri

109 1935 412 1992 Accusansque
437 1934 588 1977 virum
607 1967 620 1987 ,
646 1946 765 1977 retro
790 1933 975 1992 vestigia
999 1933 1167 1988 flestst,

107 2017 178 2059 Ne
203 2017 338 2059 caesos
364 2015 512 2058 videat
529 2048 542 2067 ,
570 2014 810 2071 spectacula
840 2015 975 2058 tristia
992 2047 1005 2068 ‚
1035 2027 1181 2060 natos.

170 2096 257 2139 His
287 2110 469 2140 occurre
493 2095 620 2138 malis
647 2111 662 2145 ·,
691 2096 734 2138 ὃ(
757 2110 870 2152 quos
898 2097 1054 2140 tellure
1079 2097 1157 2140 sub
1185 2099 1274 2141 alta

108 2179 306 2220 Excavat
328 2190 474 2233 ungue
498 2190 656 2232 parens
674 2208 686 2228 ‚
714 2175 830 2218 saxis
852 2161 1027 2219 imitare
1054 2189 1254 2232 penates.

83 2315 86 2318 .
107 2257 289 2314 Augusti
315 2269 491 2312 pateant
515 2257 656 2299 aditus
674 2288 687 2309 ,
715 2270 827 2312 quos
856 2257 1039 2313 vespere
1064 2259 1236 2302 claudes
1252 2272 1271 2309 ὅ

105 2336 361 2380 Νοᾶιιτῐιοε
387 2352 443 2381 ne
467 2338 588 2380 vafra
615 2339 743 2380 dolos
769 2338 1003 2382 meditetur
1026 2337 1240 2383 inermem
1276 2327 1281 2333 ⁵

106 2418 160 2461 In
184 2419 399 2473 populum
427 2418 541 2462 felis.
568 2420 635 2461 Ne
660 2417 733 2462 vir
756 2419 900 2477 gregis
925 2418 1017 2476 ipse
1043 2420 1279 2467 domorum

102 2496 320 2544 Interiora
343 2498 491 2544 furens
517 2498 666 2544 subeat
682 2530 696 2555 ,
722 2498 947 2558 prolisque
973 2513 1129 2544 cruore
