1500 2886
114 301 157 362 4
316 253 1158 347 PRAE011Rv3r1c1

111 405 213 455 lam
233 404 353 458 filet,
370 404 415 450 δι
431 406 573 464 longo
590 406 766 463 plausus
786 420 928 465 prope
947 407 1144 452 concidit
1162 409 1260 454 usu.

170 487 267 531 Nec
283 486 409 533 tenui
425 500 554 534 vacat
572 487 623 533 in
639 489 782 533 Socco
794 521 807 542 ,
827 487 1038 553 grandive
1058 489 1295 535 cothurno

109 566 200 614 Vel
219 565 372 611 fletum
391 567 571 626 populis
583 601 597 622 ‚
612 570 689 613 vel
708 565 886 615 inanem
904 571 1144 615 extundere
1162 571 1324 622 risum;

111 647 167 690 Et
186 662 284 692 mea
302 663 440 706 quum
459 651 583 693 nullo
602 651 750 694 doleat
768 665 892 695 mens
913 651 1078 708 percita
1098 651 1223 705 casu,

112 729 219 771 Non
237 729 426 787 gemitus
445 731 565 776 ultro
583 746 774 790 quaeram
787 765 801 787 ,
819 733 1052 791 causasque
1072 730 1249 776 dolendi
1261 764 1274 784 ‚

110 808 326 854 Tristibus
346 810 626 869 illacrymans
644 813 818 871 Elegis:
842 828 935 857 non
955 827 1175 871 quemque
1194 811 1356 858 canino

110 890 328 935 Allan-ans
348 890 493 943 studio
509 893 688 950 Satyras
707 892 904 938 sectabor
921 908 1103 940 amaras.

133 1005 137 1008 -
171 971 337 1016 secreti
354 971 486 1016 tacita
509 973 659 1033 capior
677 963 905 1021 dulcedin'e,
922 974 1034 1019 ruris
1051 990 1065 1018 ε

110 1053 246 1108 Quod
263 1053 454 1109 spectare
471 1052 595 1108 iuvat
608 1087 620 1107 ,
640 1054 804 1111 placuit
822 1055 1033 1098 deducere
1051 1055 1196 1100 versu.

107 1134 270 1178 Dulcis
287 1134 407 1178 enim
424 1147 547 1178 vetat
567 1136 786 1193 ingratum
807 1134 970 1179 sentire
985 1135 1182 1179 laborem

109 1215 320 1259 Materies
337 1231 351 1266 ;
375 1216 419 1259 &
434 1230 530 1269 me,
550 1216 686 1260 solers
705 1216 737 1259 fi
756 1217 870 1260 forte
890 1214 1066 1273 negabit

108 1297 340 1356 Ingenium
354 1331 366 1351 ‚
383 1297 546 1341 facient
566 1312 691 1340 amor
712 1298 756 1341 &
774 1309 928 1340 natura
948 1283 1150 1342 Poetam.

170 1380 301 1426 Vana
319 1379 466 1422 Deum
485 1378 708 1424 simulacra
722 1410 734 1430 ‚
766 1380 901 1424 Ceres
921 1391 1022 1429 cum
1042 1389 1167 1434 patre
1181 1378 1320 1436 Lyaeo
1336 1410 1352 1432 ,

108 1460 265 1504 Cedite
284 1476 295 1504 :
315 1460 517 1503 fecundat
533 1473 645 1503 vero
665 1457 742 1516 qui
759 1457 952 1500 Numine
974 1471 1108 1502 terras
1120 1491 1135 1511 ‚

109 1540 363 1587 Christiadis
383 1539 544 1584 colitur
563 1550 664 1583 toto
681 1540 806 1583 Deus
823 1537 980 1582 unicus
1001 1540 1143 1601 orbe⁰⁴

29 1626 37 1632 '
103 1625 320 1668 Humana
339 1634 463 1679 pater
482 1622 526 1666 &
540 1621 685 1666 redim-
704 1620 962 1664 sanstiffime
983 1615 1152 1679 gentis,

103 1707 177 1750 Tu
195 1706 352 1748 morbo
373 1704 529 1761 procul
551 1703 595 1746 &
613 1701 724 1747 lethi
743 1701 1005 1754 formidine,
1023 1702 1137 1745 ruris

102 1788 227 1842 Inter
243 1800 354 1843 opes
367 1818 382 1839 ,
397 1783 628 1830 hominem
649 1785 874 1842 quondam
891 1783 1151 1829 melioribus
1171 1795 1324 1829 ortum

102 1867 325 1924 Auspiciis
339 1899 355 1921 2
369 1868 553 1911 blandos
572 1867 750 1910 dederas
769 1866 859 1911 fine
880 1865 1064 1911 crimine
1083 1865 1198 1909 soles

103 1950 280 1993 Ducere
298 1981 310 2002 ,
329 1949 432 2002 dum
449 1958 624 1995 veteres
643 1949 762 1995 ultro
784 1948 1025 2002 depone-ret
1045 1958 1162 1991 artus
1181 1961 1197 1995 3

104 2031 160 2075 Et
176 2029 282 2073 vitae
301 2029 530 2086 pertaesus‚
548 2028 732 2072 humum
754 2038 942 2073 mutaret
961 2028 1165 2084 olympo.

104 2110 250 2154 Unius
270 2124 328 2155 en
348 2113 358 2154 !
381 2108 508 2165 culpa
529 2108 799 2157 excidimus3
819 2122 1091 2164 pomumque
1110 2106 1288 2152 nefastis

102 2191 325 2234 Morfibus
346 2191 590 2241 absumtum
605 2189 773 2237 emistis
795 2189 972 2234 decuffit
992 2191 1214 2232 honorem

103 2271 348 2316 Arboribus
365 2287 378 2316 ε
394 2286 488 2315 non
505 2271 593 2326 iam
613 2272 778 2329 segetes
802 2269 956 2324 iniuffa
977 2284 1266 2327 merumque,

106 2353 194 2405 Sed
210 2351 374 2400 steriles
389 2351 575 2396 tribulos
587 2384 602 2404 ‚
619 2353 662 2397 &
679 2365 858 2410 gramen
877 2350 1035 2394 inutile
1053 2352 1187 2394 tellus

103 2431 295 2483 Parturit
309 2464 323 2485 ‚
341 2433 384 2475 &
401 2433 487 2475 laefi
506 2431 629 2487 iuvat
650 2432 788 2477 ultrix
804 2431 1011 2475 Numinis
1031 2431 1135 2475 iras.

104 2514 315 2564 Paremus.
332 2513 490 2567 taciti,
509 2514 761 2572 luimusque,
776 2525 956 2574 paterna
974 2514 1182 2558 volentes
