1482 2834
454 241 753 301 LIBER
797 240 924 304 IX.
1059 286 1062 291 ι
1191 263 1300 320 223

74 338 197 387 Dein
218 340 415 386 humeris
431 358 593 389 vacuas
618 358 772 404 aptant
789 379 805 400 ‚
830 345 1023 404 nudique
1039 357 1119 403 per
1143 347 1308 390 undam

73 424 260 468 Flumen
282 424 531 482 inexpertis
556 429 718 473 audent
739 428 911 485 pulsare
934 427 1126 472 lacertis.

74 503 254 549 scandit
278 505 328 549 in
354 508 564 552 arboreos
588 510 796 553 ventrosa
818 509 1040 554 cucurbita
1065 523 1246 556 truncos
1260 525 1278 562 ⁶,

75 586 162 630 Sed
186 599 237 630 tu
261 588 499 646 multiplici
526 603 607 646 per
631 591 830 648 gramina
858 605 1010 648 repere
1035 591 1159 636 flexu

75 669 202 727 Coge
218 700 232 722 ,
262 669 509 713 fatiscentes
536 683 710 726 rumpat
737 685 792 715 ne
819 673 1206 731 ponderessramos.

72 748 226 794 Tertia
252 764 344 806 quae
369 751 552 794 brevior
567 784 581 804 ,
612 752 850 810 medioque
875 734 1076 797 coerciti
1096 755 1221 798 nodo

0 821 1 824 ¹
71 829 286 875 Exoritur
302 865 317 885 ‚
343 832 513 876 Baccho
539 832 656 876 dabit
681 845 934 891 opportuna
956 836 1158 893 lagenam
1173 867 1190 889 ‚

74 910 222 966 Quam
244 913 373 960 lateri
390 912 591 972 accingas
610 928 883 972 operumque
901 914 1076 973 viaeque
1096 914 1355 961 ministram.

0 971 2 1000 ἱ
134 991 232 1047 Ipsa
249 975 359 1036 adeo
379 992 606 1051 geminum
624 994 818 1038 referunt
836 993 1059 1052 spinachia
1076 996 1231 1040 sexum
1249 1012 1264 1042 ε

74 1070 225 1127 Quem
254 1073 406 1118 dixere
431 1088 598 1118 marem
614 1108 627 1128 ,
650 1076 906 1134 generofior
928 1090 1043 1121 unus
1068 1090 1247 1123 acutum

75 1152 251 1198 Profilit
270 1154 319 1198 in
339 1155 521 1205 semen·,
547 1156 659 1200 tristi
679 1171 821 1214 prope
840 1160 976 1215 pallet
995 1157 1159 1203 ami&u

74 1234 279 1279 foemina
296 1268 310 1289 ‚
337 1251 434 1294 quae
452 1237 617 1281 steriles
636 1235 763 1282 effert
782 1238 871 1283 fine
890 1240 1056 1283 semine
1073 1241 1270 1287 frondes.
1308 1284 1310 1287 .

137 1317 258 1372 Quid
273 1332 515 1363 memorem
532 1320 694 1377 quand
711 1318 843 1374 jaciet
858 1320 902 1363 se
916 1319 1092 1364 braffica
1108 1323 1236 1366 laude
1251 1354 1267 1377 ,

77 1396 185 1441 Sive
204 1400 476 1444 volubilibus
494 1402 605 1445 redit
621 1401 670 1444 in
687 1401 732 1446 se
749 1401 978 1445 frondibus
995 1434 1008 1455 ‚
1036 1404 1252 1462 orbesque

76 1477 276 1523 Orbibus
301 1481 604 1539 agglomeratis
625 1515 638 1535 ,
668 1482 825 1540 capitis
851 1482 927 1526 sub
955 1486 1076 1527 mole
1102 1485 1273 1529 laborat
1295 1501 1313 1536 ς

78 1559 279 1606 Tornato
306 1562 469 1606 fimiles
495 1563 622 1607 ebori
646 1563 724 1607 seu
746 1564 925 1607 candida
953 1564 1088 1609 fiores

78 1642 272 1686 Ediderit
296 1643 373 1686 seu
400 1642 618 1686 coniferas
643 1642 814 1686 imitata
837 1644 1059 1701 cupreffos

80 1724 224 1780 Seque
241 1724 339 1767 suas
357 1723 492 1781 plicat
508 1723 557 1766 in
573 1724 751 1768 ftondes
770 1758 783 1777 ,
805 1725 850 1769 ὃ(
867 1739 1051 1771 acumen
1065 1727 1115 1771 in
1133 1729 1281 1776 album

80 1805 255 1847 Desinit
273 1837 286 1858 ‚
311 1818 361 1848 ac
378 1804 502 1849 tenui
519 1806 645 1848 venit
662 1807 776 1849 haud
793 1806 983 1866 ingloria
998 1811 1157 1855 mensae
1174 1828 1190 1863 3

82 1885 188 1928 Sive
204 1886 350 1931 hieme
366 1886 415 1930 in
430 1887 589 1941 media,
602 1901 738 1945 quum
754 1901 910 1933 catera
922 1890 1087 1950 frigore
1104 1906 1309 1950 torpent,

81 1966 202 2010 Laeta
225 1966 375 2018 viret3
404 1968 677 2027 Boreamque
700 1983 897 2025 trucem,
926 1972 1181 2032 Caurosque
1204 1977 1423 2037 malignos

81 2047 344 2105 Despiciens
360 2079 376 2099 .
401 2051 556 2095 vacuis
580 2054 700 2096 ultro
724 2052 976 2096 dominatur
1002 2054 1050 2097 in
1074 2056 1237 2102 hortis.

145 2130 215 2172 Ut.
231 2130 366 2175 variae
391 2132 557 2189 species
581 2132 716 2178 oleris
733 2167 747 2188 ‚
773 2134 831 2178 fic
857 2137 982 2192 plura
1007 2138 1176 2182 serendi

85 2211 309 2268 Tempora
324 2213 447 2258 sunt:
459 2213 656 2270 putribus
670 2218 926 2261 mandantur
940 2220 1147 2276 pleraque
1165 2219 1317 2276 sulcis,

86 2292 238 2346 Quum
252 2295 420 2351 pluviis
435 2297 564 2340 tellus
580 2300 726 2343 madet
741 2302 1064 2345 autumnalibus
1082 2334 1094 2354 ‚
1117 2303 1160 2345 &
1175 2316 1310 2359 quum

87 2371 315 2419 Sithonias
339 2376 506 2422 hiemes
530 2380 700 2424 reducis
725 2382 845 2440 fugat
867 2396 969 2425 aura
992 2384 1180 2427 Favoni.

84 2452 212 2503 Tunc
237 2459 392 2505 eadem
415 2459 477 2509 est
496 2460 603 2508 anni
622 2461 755 2509 facies
774 2494 790 2519 ,
814 2463 859 2509 &
882 2462 996 2521 saepe
1019 2465 1205 2510 suborta·
