1500 2886
83 267 161 326 34
331 248 670 303 PRAEDII
713 247 1085 303 Rvsrtct

146 349 378 393 Gaudebas
394 381 405 400 ,
419 346 630 401 memini,
645 348 723 390 vel
734 347 890 390 filvam
901 360 1045 390 errare
1057 361 1136 406 per
1150 348 1312 401 altam,‘

87 427 295 473 Castanea
314 431 389 472 vel
418 429 494 472 sub
512 428 658 472 veteri
677 428 901 472 confidere
920 441 1121 471 mecum:

85 511 203 555 Fons
223 509 298 553 ubi
317 509 374 553 fic
393 511 624 553 tremulam
644 508 837 566 zephiris
858 508 1130 551 motantibus
1148 506 1344 550 umbram
1356 534 1372 558 0

96 589 410 647 Castaneasque
437 603 571 633 nuces
589 622 602 642 ‚
631 590 675 632 ὅ(
704 603 801 646 quae
831 579 961 645 super
985 588 1140 630 arbore
1165 586 1312 629 fidunt

86 670 311 716 Instabiles
337 670 535 714 imitatus
562 683 668 713 aves
688 701 702 724 ,
731 668 1028 726 specularibus
1054 667 1185 712 undis

86 752 344 809 Exprimit3
371 765 420 796 ut
448 751 617 795 dubites
637 765 696 795 an
724 752 923 794 eamdem
952 750 1076 793 fonte
1101 750 1179 793 sub
1206 747 1306 805 ipso

90 832 294 876 Creverit
317 832 364 876 in
387 831 543 876 faciem
569 831 702 875 ramis
727 830 927 875 felicibus
953 830 1081 873 arbor
1096 844 1113 879 3·

89 914 364 972 Hirsutisque
387 917 508 958 latex
531 915 741 959 frondens
766 912 992 957 horrescat
1017 909 1214 959 echinis;

91 996 162 1038 An
186 997 395 1039 volucres
416 997 501 1038 alat
520 996 634 1038 unda
654 995 750 1037 suas
769 1026 783 1048 ,
811 1008 908 1051 quae
930 989 1112 1035 flumina
1131 988 1291 1047 pennis

88 1076 184 1120 Ima
202 1076 348 1118 secent
366 1091 379 1124 3
400 1076 561 1118 vitreas
581 1088 636 1117 an
654 1074 803 1131 imago
823 1073 1076 1130 supervolet
1099 1072 1256 1114 undas.

154 1157 240 1201 Hic
265 1158 392 1200 locus
418 1155 478 1199 est
501 1156 576 1198 ubi
600 1154 742 1212 prima
768 1167 876 1197 meae
906 1152 1143 1197 conamina
1169 1151 1308 1195 Musae

93 1240 243 1294 Quum
262 1239 430 1296 legeres
442 1269 456 1290 ,
476 1235 676 1278 stimulos
695 1236 796 1277 dare
812 1234 958 1277 suetus
977 1246 1196 1290 opemque
1210 1265 1223 1283 ,
1242 1230 1426 1285 iubebas.

97 1321 287 1363 Carmen
307 1319 359 1360 ad
378 1317 581 1360 incudem
602 1315 646 1357 δί
663 1314 815 1357 limam
835 1326 1046 1356 revocare
1063 1328 1077 1363 ·,
1099 1297 1314 1368 tuumque

96 1399 280 1459 (Latius
301 1397 498 1441 effundes
517 1394 702 1453 proprio
723 1395 843 1451 quod
861 1393 1082 1451 carmine)
1107 1384 1276 1437 nomen

96 1481 147 1526 Si
173 1492 345 1524 taceant
370 1492 483 1536 quos
509 1490 553 1521 te
577 1475 700 1534 fingo
724 1475 904 1519 censore
927 1473 1093 1526 libelli,

93 1561 295 1619 Ingratus
317 1560 469 1603 videar
484 1573 499 1608 ·,
516 1557 627 1601 mihi
650 1569 731 1600 nec
756 1557 857 1599 satis
875 1569 1023 1612 aequus
1041 1587 1055 1608 ‚
1073 1552 1265 1614 amicum

97 1645 140 1688 A
163 1641 327 1686 teneris
354 1641 434 1683 nifi
455 1637 738 1694 conjunGum
758 1649 803 1680 te
828 1635 992 1694 glorier
1014 1636 1157 1678 annis.

162 1724 319 1780 Tuque
339 1719 692 1778 Capistronides,
712 1718 869 1761 animae
885 1731 985 1774 pars
1002 1718 1136 1760 altera
1157 1714 1338 1774 nostraeg

102 1804 189 1850 Hic
214 1803 389 1861 plausus
408 1835 421 1856 ‚
443 1801 518 1845 hic
539 1800 658 1843 illam
684 1798 799 1841 inter
826 1810 1029 1855 querceta
1051 1797 1234 1854 parabas

101 1886 277 1932 Nobilis
298 1883 466 1941 ingenii
484 1882 644 1925 famam
665 1894 678 1929 ;
705 1879 791 1935 qua
811 1877 901 1920 five
922 1877 1190 1920 cothurnum

103 1968 307 2014 AEmulus
328 1963 502 2009 affumis
527 1962 727 2006 fraternae
751 1957 890 2002 laudis
918 1972 933 2006 ς
958 1955 1100 2000 avena

104 2050 212 2093 Sive
231 2047 352 2091 canis
377 2043 643 2103 cytharaque
661 2073 673 2094 ‚
698 2053 778 2083 tuo
803 2040 878 2082 seu
902 2037 1085 2095 profluit
1111 2050 1191 2080 ore

108 2128 313 2183 Maiestas
340 2138 522 2169 romana
537 2157 549 2176 ,
574 2126 701 2179 lepos
726 2123 799 2164 vel
822 2122 959 2177 gallus
975 2151 989 2173 ,
1013 2130 1205 2175 utroque

106 2211 160 2253 Et
187 2210 296 2252 latio
322 2207 553 2264 patrioque
579 2214 738 2260 potens
764 2201 965 2243 sermone
983 2230 996 2251 ‚
1020 2199 1228 2241 Senatum

109 2290 382 2345 Purpureum
402 2284 535 2328 trahis
553 2315 565 2335 ‚
588 2283 632 2326 δι
650 2282 842 2338 populos
863 2292 905 2321 te
926 2279 1024 2322 cive
1044 2278 1270 2334 superbos,

172 2369 254 2413 His
272 2381 356 2424 ego
376 2379 419 2408 te
432 2397 446 2418 ‚
467 2378 559 2422 quo
579 2362 665 2416 jam
685 2362 848 2404 vellem
874 2358 1140 2402 monstrante
1164 2355 1340 2412 doceri,

107 2449 282 2496 Institui
306 2445 429 2491 filvis
449 2445 596 2502 primo
612 2475 627 2498 ,
649 2443 801 2486 Belote
818 2472 833 2494 ,
863 2439 939 2484 sub
965 2452 1100 2489 aevo;
