1500 2886
90 276 169 352 76
292 275 666 331 PRAEDIJ
709 253 1161 332 I»3127„51'1c·1>

90 377 154 419 Ut
178 388 307 433 caput
333 377 377 420 δι
406 389 545 420 vanas
572 390 664 420 uno
689 376 786 433 spes
814 375 1001 419 abscidat
1028 374 1135 418 ἰᾶιι.

148 459 269 500 Arva
286 459 441 501 colunt
460 457 505 500 &
523 457 678 501 asellus
698 457 815 500 iners
829 490 843 510 ‚
865 458 906 500 &
926 459 1043 501 mula
1061 455 1261 500 biformis
1276 472 1290 501 τ
1323 465 1325 467 ’

89 538 150 581 At
163 553 310 596 neque
331 538 526 583 difficiles
545 539 733 583 veniunt
751 541 805 582 ad
823 551 962 582 aratra
980 554 995 588 ·,
1021 540 1094 582 sed
1111 540 1231 582 ultro

88 620 325 677 Accipiunt
351 621 524 664 cervice
547 620 698 679 iugum
715 654 728 675 ,
752 621 1013 678 versantque
1040 621 1204 664 solutas
1261 636 1281 647 ἰ

85 699 358 749 Vomeribus
381 714 517 746 terras
539 735 553 756 ‚
587 703 630 745 &
654 702 838 758 plaustra
866 701 1086 759 gementia
1111 703 1290 745 ducunt.

147 781 328 826 varcior
352 782 414 826 est
438 781 544 825 afini
568 781 713 825 victus
738 781 965 838 facilisque
992 794 1003 822 t
1030 782 1231 824 laborum
1319 797 1323 812 ³

85 863 235 921 Atque
260 863 389 907 famis
413 863 584 920 patiens
605 896 619 916 ,
646 863 773 906 foliis
798 863 1021 920 herbaque
1044 861 1222 918 palustri
1283 904 1285 906 .

86 943 294 987 Vescitur
313 977 326 999 ,
354 944 528 998 obie&o
554 959 777 989 ramorum
803 945 914 988 fasce
933 977 946 998 ‚
965 944 1175 1000 ,tubisque

88 1024 146 1067 Et
171 1024 311 1080 paleis
334 1025 467 1068 etiam
495 1026 636 1083 gliscit
658 1041 672 1075 3
705 1040 848 1082 neque
877 1025 1010 1068 novit
1034 1025 1196 1069 inertes
1215 1058 1229 1078 ‚
1315 1046 1318 1052 ¹

86 1103 181 1159 Qui
209 1104 375 1159 majora
401 1105 544 1148 solent
569 1117 763 1148 armenta
789 1105 998 1148 invadere
1027 1107 1225 1149 morbos,

85 1185 193 1227 Non
209 1199 394 1240 operum
413 1198 561 1227 tamen
574 1186 663 1227 ulla
679 1184 834 1241 quies:
852 1199 953 1228 nam
970 1185 1181 1242 quidquid
1196 1186 1242 1228 in
1258 1187 1409 1230 urbem
1456 1188 1467 1227 ζ
1497 1205 1500 1255 3

85 1267 176 1309 Vel
201 1265 277 1308 sub
302 1265 415 1309 tecta
439 1266 579 1308 ferant
596 1297 610 1318 ,
638 1264 889 1309 miserandae
915 1265 1046 1308 sortis
1071 1266 1228 1309 asellus

84 1348 268 1403 Semper
284 1346 398 1390 adest
417 1379 429 1399 ,
455 1336 732 1403 omnem‘qui
754 1346 889 1389 seffile
908 1345 1077 1402 praestet
1097 1346 1144 1389 in
1164 1347 1288 1391 usum
1311 1356 1314 1357 ’

82 1427 256 1485 Tergus
285 1428 331 1471 ὅ(
358 1427 522 1472 immiti
550 1429 723 1471 duratas
749 1429 932 1471 verbere
958 1428 1110 1471 costas.
1336 1420 1341 1425 ⁸

1460 1309 1500 1343 ’ἢ

144 1507 385 1565 Mancipiis
411 1520 557 1551 autem
586 1520 711 1551 natus
739 1507 852 1552 licet
878 1508 952 1552 ille
979 1508 1193 1553 vehendis
1215 1541 1226 1562 ,

84 1589 272 1633 Gestitat
289 1591 333 1632 &
344 1590 710 1647 Dominas‚queis
723 1591 919 1634 nondum
936 1590 1074 1647 prisca
1089 1596 1318 1647 parentum

82 1669 350 1727 Simplicitas
370 1671 477 1714 odio
496 1670 556 1713 est
576 1687 587 1714 ς
608 1670 754 1713 stricto
775 1684 867 1713 non
887 1684 966 1713 ora
984 1670 1169 1727 capistro
1189 1703 1203 1724 ,

81 1753 167 1795 Sed
190 1751 362 1795 levibus
388 1751 570 1797 flectunt
596 1750 768 1809 virgis·‚
797 1751 1024 1808 afinusque
1048 1752 1259 1808 superbus

79 1831 259 1875 Auratis
284 1831 473 1888 phaleris
505 1843 636 1888 atque
664 1831 762 1887 ipso
789 1833 1011 1887 pondere,
1045 1845 1243 1889 coeptum

80 1913 221 1970 Urget
244 1912 328 1955 iter
345 1944 358 1966 ‚
383 1914 522 1956 lentas
549 1926 630 1955 nec
655 1911 745 1965 jam
763 1926 918 1956 movet
939 1912 1119 1957 indecor
1144 1928 1283 1960 aures-

140 1995 267 2050 Saepe
294 1993 360 2035 sui
388 2005 536 2035 tamen
565 1992 727 2035 oblitus
748 2025 761 2045 ‚
788 1993 1060 2048 petulantior
1085 1994 1202 2037 abdit
1292 2009 1303 2020 -’

77 2075 200 2118 Inter
224 2087 365 2131 genua
387 2085 549 2130 caput3
577 2074 702 2116 fimul
730 2075 772 2116 ὃ(
798 2074 967 2117 finuosa
991 2059 1253 2133 retorquene
1297 2100 1301 2109 =

78 2156 280 2197 Membra
297 2168 468 2211 procax
484 2188 498 2208 ,
517 2155 692 2199 dorsum
711 2168 867 2199 movet
886 2155 932 2197 in
953 2156 1133 2199 sublime
1154 2189 1165 2208 ‚
1187 2158 1310 2202 sedili

78 2234 317 2278 Excutiens
336 2236 531 2292 equitem
548 2269 561 2290 ,
588 2250 721 2279 coeno
748 2250 880 2293 quem
901 2236 1059 2294 mergit
1085 2236 1132 2279 in
1153 2239 1242 2281 alto
1262 2254 1279 2289 ς,
1299 2250 1302 2253 ·

48 2360 52 2365 ,
78 2315 365 2373 Accitamque
395 2319 556 2361 rudens
580 2330 714 2361 vocat
743 2319 796 2360 ad
820 2317 1005 2360 ludibria
1028 2319 1219 2374 plebem.
1300 2330 1303 2345 ³

77 2398 301 2440 Interdum
329 2397 473 2440 medi&
501 2386 721 2442 sess‘orem⁵
735 2397 899 2441 detinet
925 2399 1030 2441 urbe
1053 2414 1068 2448 ·‚

77 2477 135 2522 Et
156 2479 302 2524 luteos
327 2477 443 2522 rodit
471 2480 613 2522 caules
638 2479 925 2536 frondemque
952 2478 1157 2538 salignam
1175 2509 1192 2534 ,

1453 1855 1480 2091 Α’γψεεξιξεθιη
1478 1812 1479 1815 Α
1475 1770 1477 1775 .
1467 1650 1476 1707 .<--
1460 1608 1469 1618 ⁴·
1463 1533 1468 1555 -’
1459 1448 1464 1452 “
1458 1392 1460 1394 “
