1482 2834
488 243 788 301 LIBER
834 239 1004 299 XV.
1207 248 1355 317 359⁷

87 336 215 389 vina
240 339 349 386 licet
371 339 483 391 mihi
507 357 597 401 prae
621 342 802 401 reliquis
830 354 906 386 tua
929 340 1068 385 rideat
1092 337 1242 398 agi-iss

90 421 140 466 Si
160 436 309 467 tamen
331 423 521 468 abfueris
536 457 550 478 ,
567 423 655 479 jam
673 438 745 468 me
764 437 858 468 non
875 421 1060 467 floribus
1077 422 1233 464 hortus
1248 450 1265 475 ,

88 503 303 562 Aurigera
331 519 424 548 non
450 504 592 548 amnis
617 504 730 563 aqud
746 537 760 558 ,
781 518 876 548 non
899 503 1055 548 mollia
1078 514 1223 546 verno

90 581 218 626 Prata
243 587 396 630 colore
420 585 602 640 juvant,
627 599 723 629 non
746 598 881 632 rauco
905 595 1129 628 murmure
1149 591 1327 626 mecum

89 661 228 708 Visus
255 665 299 708 δι
324 665 416 722 ipse
442 666 568 724 queri
590 678 774 710 nemora
800 665 917 710 inter
939 665 1122 709 frondea
1149 662 1297 710 rivus.

85 743 185 801 Ipsa
211 745 344 789 etiam
369 746 497 790 studii
520 746 769 800 hortatrix,
797 746 1035 803 eademque
1052 747 1295 807 levamen,>

85 823 254 869 Laurea
279 827 387 870 filva
409 842 568 886 vagam
593 839 668 872 tua
693 825 791 886 post
814 825 999 885 vestigia
1023 807 1220 870 mentem

80 904 181 950 'Vix
206 920 416 952 revocare
441 908 584 966 potest
600 941 615 963 ,
646 910 691 952 ὃ(
717 907 874 953 amicis
899 907 1079 951 reddere
1104 904 1267 949 Mufis.·

83 987 255 1044 Saepius
280 1002 388 1047 ergo
416 1002 496 1033 tuo
522 1001 658 1047 quum
684 1001 729 1034 te
752 988 963 1034 veniente
988 987 1186 1032 redibant

82 1069 270 1112 Deliciae
298 1070 420 1124 ruri,
445 1070 611 1128 placuit
634 1070 804 1128 piscosa
830 1070 1070 1115 secundum

80 1149 283 1193 flumina
298 1183 312 1204 ,
339 1165 458 1194 nunc
482 1150 664 1195 timidos
687 1150 803 1195 lutra
825 1151 1064 1196 famulante
1087 1143 1321 1196 natantum

84 1230 316 1288 Exagitare
343 1245 496 1290 greges
522 1246 537 1280 ·,
562 1243 681 1274 nunc
707 1232 762 1274 ad
787 1229 992 1283 vivaria,
1026 1230 1203 1287 sumptu

86 1313 201 1367 Quae
232 1312 312 1355 tibi
342 1311 477 1370 regali
502 1311 648 1354 Patres
677 1309 922 1355 constructa
945 1319 1152 1367 pararunt
1167 1342 1183 1364 ,

81 1392 207 1436 stare
227 1392 352 1436 fimul
364 1424 378 1446 ,
399 1392 678 1449 docilemque
694 1391 822 1435 vadis
842 1390 1087 1436 immittere
1099 1386 1292 1446 lutramg

79 1471 207 1518 nlius
234 1473 278 1517 &
304 1473 443 1530 pisces
470 1474 652 1517 educere
674 1474 797 1518 fauce
821 1482 1076 1520 trementes.

140 1552 393 1611 AEquoreos
417 1555 551 1598 etiam
574 1566 720 1599 mures
736 1587 750 1608 ‚
775 1554 1022 1612 fibrumque
1042 1562 1257 1598 voracem
1271 1557 1301 1608 ‚l

77 1634 174 1690 Qui
199 1635 412 1679 desolatas
444 1638 713 1697 populantur
738 1635 929 1680 caedibus
951 1637 1119 1689 undas,

75 1715 345 1774 Aggrediere
370 1718 509 1761 dolo:
530 1717 787 1763 subeuntem
812 1717 861 1762 in
888 1717 1073 1761 flumina
1095 1714 1257 1761 fibrum

76 1796 126 1840 Si
152 1798 327 1853 quando
350 1799 504 1855 procul
531 1798 711 1856 aspicias
735 1813 761 1844 e
786 1800 965 1852 littore,
992 1800 1130 1843 telum

77 1878 383 1935 Nequicquam
401 1879 606 1937 expedies
624 1878 826 1937 pharetra
838 1911 853 1934 ,
870 1891 1148 1937 mortemque
1166 1875 1369 1936 parabis}

88 1958 266 2003 Gnarus
285 1959 404 2003 enim
422 1961 618 2005 fraudum
631 1993 646 2016 ,
664 1961 734 2006 fur
751 1973 898 2006 enatat
913 1961 1049 2019 usque
1065 1960 1141 2005 sub
1160 1958 1280 2004 amni
1295 1974 1313 2011 ·,

79 2040 175 2086 Nec
204 2041 360 2098 quibus
386 2041 654 2101 ingreditur,
683 2041 792 2100 ripis
818 2041 1005 2100 emergit
1033 2043 1085 2086 ab
1109 2042 1282 2088 iisdem.

139 2123 236 2168 Jam
264 2123 295 2166 fi
324 2137 459 2167 canna
480 2124 631 2169 virens
658 2125 702 2168 δι
728 2124 882 2180 iuncea
909 2124 1025 2168 filva·
1046 2122 1252 2181 palustres

77 2201 304 2250 obsedere
329 2206 448 2249 lacus
464 2238 478 2259 ‚
505 2205 675 2250 medios
701 2219 757 2250 ne
781 2204 935 2250 caedite
961 2201 1131 2249 cuimo's
1147 2221 1162 2250 τ

72 2285 172 2342 Qui
198 2299 393 2330 remanet
415 2285 595 2331 vitiabit
619 2300 752 2344 aquas
777 2284 1008 2345 putredine
1029 2281 1207 2331 “uncus
1221 2300 1240 2338 5

74 2366 134 2412 Et
161 2381 279 2412 nova
301 2367 451 2412 vivaci
476 2367 595 2427 seges
622 2369 697 2412 abs
721 2368 864 2414 radice
890 2367 1099 2427 resurget.

81 2448 332 2495 Commoda
354 2449 571 2497 vellendis
594 2447 821 2500 adhibetur
845 2450 1051 2510 cymbula
1074 2448 1259 2499 cannisz'

953 2529 994 2577 Z
1021 2530 1072 2577 iv
