1500 2886
492 259 800 317 LIBER
884 251 939 316 L
1301 233 1337 336 ᾖ

95 383 328 435 crimina;
354 395 438 428 nec
457 382 651 441 petimus
672 368 796 425 natas
816 378 907 423 fine
927 373 1096 423 semine
1114 372 1273 422 meffes

94 467 260 510 Educet
277 478 328 510 ut
345 466 476 510 tellus
487 497 501 519 ,
515 462 836 519 hominemque
853 460 903 504 in
920 458 1064 517 prima
1082 467 1276 519 reponat

96 548 280 589 Foedera
295 561 310 596 ·‚
330 545 404 590 sed
422 543 536 600 iufl'o
554 541 725 587 victum
744 540 902 585 sudore
919 540 1094 598 paranti

96 629 160 671 Ut
179 628 327 671 faveas
348 627 539 670 clemens
557 655 571 677 ,
600 623 644 666 δι
662 622 776 680 quos
795 619 970 665 felicior
988 619 1102 664 olim

94 707 319 751 Nescierat
332 707 498 751 Natura
509 736 523 757 ,
538 701 667 759 juves
686 711 805 747 nunc
823 714 916 747 arte
934 702 1130 747 labores.

155 786 419 846 Aggrediar‚
437 788 546 830 duce
568 796 613 830 te
626 819 638 840 ‚
655 797 804 829 mores
823 782 1084 841 habitusque
1103 785 1313 828 locorum

94 869 361 926 Explorate,
377 868 480 912 suos
499 867 638 925 partis
660 863 881 911 accersere
899 862 1045 910 fundis

92 949 321 1008 Agricolas
340 963 357 1000 3
373 947 526 994 curare
546 950 700 1008 greges
713 980 726 1003 ,
744 936 976 1004 sociosque
993 946 1198 990 laborum

93 1031 339 1075 Informare
353 1032 528 1082 boves3
552 1031 596 1074 81
615 1026 851 1089 agrestibus
863 1062 875 1083 ,
891 1030 1024 1086 atque
1042 1024 1198 1071 sativis

92 1114 339 1158 Axboribus
358 1111 518 1157 vestire
536 1111 712 1156 solum:
733 1122 830 1155 tum
848 1095 972 1168 prata
990 1110 1166 1154 secutus

94 1197 150 1239 Et
167 1197 335 1254 segetes
348 1228 360 1249 ‚
378 1192 622 1252 operasque
641 1200 798 1236 omnes
820 1205 927 1250 quas
947 1205 1091 1234 annua
1110 1188 1202 1233 ruri

96 1280 215 1321 Cura
233 1277 395 1326 refert·,
413 1277 537 1329 olus,
558 1274 603 1318 &
618 1256 737 1318 v'ites
752 1307 764 1326 ‚
777 1273 1025 1330 vinumque
1044 1272 1263 1316 resumam
1282 1287 1295 1318 ε

11 1351 14 1354 ’
97 1360 151 1401 Et
168 1356 379 1400 constabit
394 1356 543 1399 honos
561 1353 692 1398 cultis
711 1353 788 1398 ubi
805 1353 975 1398 debitus
995 1353 1110 1412 agris
1123 1386 1137 1407 ,

95 1440 326 1483 Chortales
348 1438 501 1481 addam
518 1437 728 1481 volucres
742 1469 755 1490 ,
771 1437 1045 1494 mollemque
1063 1435 1331 1481 columbam.

99 1519 340 1564 Melliferas
359 1533 441 1563 nec
460 1502 592 1575 apum
611 1519 743 1562 cellas
766 1518 810 1561 &
825 1530 960 1576 regna
980 1517 1115 1561 filebo
1132 1534 1145 1561 t

48 1618 51 1621 ’
102 1600 336 1659 AEquoreo
357 1601 461 1644 dein
478 1599 625 1658 stagna
645 1598 793 1657 gregi,
813 1598 1045 1656 leporique
1062 1597 1238 1657 fugaci,

107 1683 161 1725 Et
180 1694 348 1739 capreae
360 1715 373 1735 ,
394 1683 440 1725 &
454 1681 613 1725 timido
633 1692 797 1739 ponam
814 1680 987 1724 vivaria
1005 1693 1158 1725 cervo,

158 1762 451 1805 Lamonidstm
471 1764 601 1807 decus
624 1762 667 1806 δί
682 1764 891 1806 columen
905 1794 916 1815 ,
934 1775 1065 1819 quem
1084 1760 1259 1818 publica
1275 1775 1422 1805 rerum

102 1845 219 1886 Cura
238 1854 384 1895 tenet,
401 1841 483 1886 tibi
503 1856 559 1886 ne
583 1854 667 1900 qua
688 1841 837 1886 forent
857 1841 1015 1885 infecta
1031 1874 1043 1895 ,
1061 1838 1249 1886 Colonis

9 1979 11 1982 Α
100 1924 229 1967 Hanc
247 1935 426 1982 quoque
445 1937 517 1966 me
536 1923 636 1966 dare
656 1921 783 1980 cogis
801 1935 936 1979 opem
956 1937 969 1966 ε
991 1921 1074 1965 tibi
1093 1933 1247 1967 caetera
1267 1923 1424 1967 debent

100 2004 343 2063 Agric0123
358 2005 467 2066 duro
487 2014 602 2047 tutas
621 2001 645 2046 a
664 2000 806 2047 milite
826 2002 998 2061 fruges,

100 2087 154 2129 Et·
175 2097 271 2143 quae
291 2087 365 2129 vel
385 2084 533 2129 medio
553 2092 787 2144 regnarunt
807 2084 899 2128 otia
917 2086 1067 2129 bello:
1110 2144 1115 2148 ³

99 2168 166 2210 Te
192 2165 453 2223 prohibente
465 2198 477 2218 ,
493 2166 595 2210 suos
613 2165 694 2210 usu
712 2164 865 2223 pejore
884 2166 1060 2224 ligones

100 2247 372 2302 Lethiferum
393 2259 614 2306 nunquam
635 2246 849 2291 conflavit
867 2248 1026 2290 Arator
1045 2246 1094 2290 in
1113 2245 1260 2291 ensem
1276 2261 1293 2297 ς

36 2334 37 2337 ’
101 2327 421 2385 Disiunxitque
437 2328 576 2372 boves
590 2361 605 2382 ‚
624 2327 961 2372 &lamentabile
984 2327 1111 2371 flenti

101 2408 273 2461 Uxori,
293 2409 335 2452 &
356 2408 502 2465 pueris
521 2423 655 2467 opera
676 2408 930 2467 imperfecta
951 2408 1144 2466 reliquit.

104 2490 290 2535 Haerefis
310 2489 517 2548 antiquos
537 2503 785 2548 quanquam
804 2489 1010 2535 meditata
1030 2490 1199 2533 furores

985 2569 1026 2612 A
1053 2567 1102 2624 iij
