1500 2886
132 359 209 418 70
335 345 695 407 PRAEDIt
738 342 1162 400 Rvsrlct

130 444 243 485 Crus
261 443 504 496 modicum,
517 444 784 501 breviorque
800 444 960 502 pedum
977 445 1099 487 decet
1112 445 1274 502 ungula
1288 456 1466 495 vaccam

129 525 299 567 Caetera
319 523 371 566 fit
389 535 515 568 tauro
534 524 752 582 propior·
743 551 757 574 ‚
790 525 875 568 fint
894 524 1070 583 grandia
1087 524 1282 568 membra
1294 555 1313 576 ‚

132 603 288 648 Peflms
308 595 496 664 grande,
527 618 652 650 totus
672 605 903 660 sublimis,
932 607 975 651 &
994 608 1125 651 ardua
1143 605 1299 659 cervix
1317 638 1330 659 ‚

127 687 385 744 Feturaeque
418 701 557 744 capax
588 699 772 738 uterus;
806 688 996 746 palearia
1022 688 1191 732 circum

134 767 296 811 Genua
313 767 453 812 fluant
473 802 485 823 ,
513 770 557 814 &
577 771 709 813 cauda
728 771 861 828 pedes
879 770 1081 814 fundatur
1101 771 1152 814 ad
1171 769 1288 813 imos
1306 801 1322 821 .

132 847 166 890 F
168 859 431 906 rontemque
457 849 644 894 ostentet
677 850 919 907 speciosam
946 850 1150 893 cornibus
1175 849 1291 893 altis.

184 929 273 972 Bos
294 943 430 973 unum
449 942 607 975 tremat
625 934 679 975 ad
697 931 919 975 stimulum
937 941 1187 988 vocemque
1207 929 1388 973 Bubu1ci
1404 961 1419 981 ,

128 1011 223 1053 Nec
250 1023 393 1055 vanos
418 1024 584 1055 metuat
607 1012 811 1070 strepitus
834 1045 847 1066 ,
872 1012 1099 1069 nullasque
1125 1010 1294 1054 recuset

128 1092 197 1134 Ire
221 1090 318 1135 vias
344 1108 357 1135 ι
389 1104 440 1135 ea
464 1092 516 1135 fit
541 1091 702 1136 fiducia
730 1093 904 1136 roboris
923 1126 936 1145 ‚
965 1105 1015 1136 ut
1039 1105 1128 1135 nec*

133 1172 298 1215 Auditu
323 1173 508 1229 pavidus
538 1188 684 1232 neque
712 1173 813 1219 visu
833 1206 846 1226 ‚
876 1172 1103 1222 interritus
1128 1173 1279 1215 urbem

131 1253 185 1294 Et
205 1254 441 1296 tremulum
460 1254 608 1298 subeat
627 1266 812 1311 pontem
831 1253 1082 1310 fluviosque
1101 1253 1324 1297 sonantes.

195 1334 277 1398 Per
295 1333 461 1377 virides
481 1334 613 1377 saltus
634 1346 862 1378 taurorum
880 1333 1016 1380 libera
1036 1318 1260 1392 quondam

133 1415 342 1456 Errabant
371 1427 566 1458 armenta
583 1447 596 1467 ‚
627 1414 721 1472 jugi
748 1415 896 1459 secura
914 1431 927 1464 i
948 1415 1209 1472 ‚priusquam

136 1495 173 1548 E,
201 1494 356 1551 patriis
385 1495 577 1539 humana
603 1496 715 1539 feras
744 1495 951 1540 industria
979 1496 1100 1541 filvis

131 1576 326 1618 Duceret
349 1591 364 1625 ·,
397 1577 441 1619 ὅ(
469 1577 610 1633 longo
643 1574 771 1630 iuffas
799 1576 1095 1620 mansuescere
1123 1577 1246 1636 cultu

137 1656 323 1713 Imperii
354 1657 520 1700 dociles
551 1657 713 1701 faceret
739 1672 751 1700 :
777 1669 872 1700 tum
899 1656 1074 1701 brachia
1103 1656 1241 1700 fofl'or

135 1736 376 1780 Versandis
397 1737 627 1781 adhibebat
646 1738 759 1797 agris
781 1767 796 1786 ,
828 1752 972 1796 neque
990 1737 1171 1798 iungere
1192 1751 1343 1783 tauros

135 1818 277 1860 Norat
297 1816 433 1862 adhuc
452 1851 464 1872 ,
481 1833 563 1862 nec
581 1834 698 1877 equo
715 1818 819 1864 ferri
837 1852 851 1873 ,
867 1819 1155 1876 domibusque
1173 1832 1374 1877 receptos

133 1898 379 1942 Informare
409 1913 537 1942 canes
560 1932 573 1952 ,
601 1899 857 1956 vitulosque
886 1912 1110 1959 apponere
1140 1898 1297 1943 mensis
1319 1915 1332 1942 ε

137 1980 224 2022 Sed
254 1979 396 2023 veluti
428 1982 609 2038 grandes
638 1994 722 2024 nos
753 1980 801 2022 in
831 1976 1042 2023 convivia
1073 1993 1232 2023 cervos

131 2062 191 2102 Et
209 2060 420 2116 pavidum
439 2060 617 2105 canibus
642 2062 841 2117 leporem
860 2073 1076 2104 venamur
1097 2060 1140 2101 &
1159 2073 1310 2115 aprum
1334 2075 1346 2102 ε

135 2141 209 2183 Sic
236 2155 324 2184 ove
344 2174 357 2195 ‚
389 2141 577 2185 madiato
604 2154 836 2184 nemorum
862 2140 919 2183 fic
941 2139 1116 2197 hospite
1146 2128 1309 2193 tauro',

137 2219 263 2263 Gens
292 2221 470 2280 antiqua
494 2222 641 2266 virum
666 2221 834 2265 mensas
859 2234 1041 2264 onerare
1069 2219 1236 2263 solebat
1254 2253 1268 2272 ‚

136 2303 191 2365 Et
210 2302 336 2345 nudis
359 2303 598 2362 informem
615 2302 810 2348 humeris
831 2302 1097 2345 circumdate
1117 2292 1295 2357 pellem.

197 2381 326 2436 Quos
354 2384 528 2426 dederat
556 2381 870 2426 ritus«hornini
898 2382 1062 2424 Natura
1087 2381 1255 2424 recenti

137 2463 344 2505 Servabat
372 2463 463 2506 fera
487 2477 592 2521 gens
613 2496 627 2516 ,
657 2462 766 2505 Afiae
793 2462 982 2505 borealis
1010 2461 1062 2505 ab
1087 2461 1179 2505 oris

136 2542 247 2596 Quae
266 2555 498 2586 nemorum
515 2556 595 2600 per
612 2556 747 2600 opaca
767 2555 936 2587 novum
954 2540 1202 2598 penetravit
1222 2539 1269 2584 in
1285 2542 1440 2586 orbem
