1500 2886
112 254 191 327 46
313 254 681 309 PRAEDH
724 252 1155 329 Rvs-rlct

111 354 206 410 Qui
232 354 369 398 variis
396 353 547 398 norint
572 355 856 398 accommoda
879 354 1046 398 semina
1067 353 1195 398 terris
1209 369 1226 403 3

111 439 320 493 Arvaque
346 447 562 493 perpetuo
587 438 840 480 renovanda
864 435 1016 494 ligone
1044 434 1256 493 fatigent,

111 518 227 560 Nata
249 531 402 560 recens
427 515 548 560 cultu
573 517 756 561 foveant
780 516 946 569 arbusta
963 550 976 570 ‚
1002 517 1151 560 futuro

111 597 381 642 Provideant
397 630 411 651 ,
436 597 608 641 domini
636 612 730 641 rem
754 610 909 643 curent
931 597 1102 655 parcius
1119 629 1134 651 ‚
1156 595 1238 642 uni

110 680 206 723 Nec
223 679 418 722 studeant
436 679 563 727 famae
579 679 652 722 sed
668 679 879 722 habendis
898 678 1110 722 fructibus
1129 677 1303 722 instent·

154 759 378 816 Inprimis
402 760 518 803 hunc
542 760 696 817 sperne
712 793 727 814 ,
751 774 893 803 novas
916 758 1148 814 iactantior
1170 771 1286 803 artes

111 841 204 896 Qui
223 841 426 885 sermone
451 842 589 900 magis
603 875 615 895 ,
636 841 767 899 quam
792 857 839 886 re
859 844 1168 892 commendam
1187 856 1344 885 eorum

111 923 225 978 Quae
249 924 390 967 fecere
415 923 492 967 alii
516 924 629 967 nihil
652 925 891 982 approbat,
918 923 1070 991 omnia
1094 934 1262 974 mutat.

110 1005 166 1046 Et
184 1002 326 1049 reficit
337 1037 351 1057 ‚
369 1018 450 1048 nec
469 1016 557 1047 tam
576 1017 746 1061 reparat
757 1038 770 1058 ,
791 1004 922 1062 quam
940 1004 1117 1048 destruit
1133 1006 1315 1049 hortum
1329 1036 1346 1058 ‚

113 1086 199 1141 Spe
211 1085 441 1128 dominum
454 1085 634 1141 pascens
647 1117 659 1137 ,
677 1099 819 1142 neque
832 1085 1026 1128 mensam
1034 1084 1243 1128 fructibus
1255 1096 1433 1128 ornans.

174 1166 260 1208 Sed
281 1166 406 1208 velut
429 1164 480 1208 in
505 1165 675 1223 magnis
701 1165 799 1221 spes
826 1165 870 1209 &
893 1164 1083 1208 victoria
1106 1165 1232 1208 bellis

113 1247 389 1303 Pugnantum
404 1260 498 1289 non
511 1245 622 1289 stant
636 1245 795 1289 animis
809 1279 821 1298 ‚
838 1260 1114 1303 numeroque
1127 1245 1351 1301 virorum,

111 1326 286 1370 Dustor
314 1327 388 1370 ubi
414 1323 539 1370 nulli
561 1325 689 1370 fortis
715 1325 828 1383 regit
852 1338 943 1369 arte
969 1338 1166 1370 catervas
1183 1342 1197 1371 :

114 1408 189 1451 Sic
210 1421 260 1451 tu
284 1422 382 1451 rure
406 1421 563 1463 parum
582 1407 846 1450 famulorum
872 1408 1076 1451 examine
1100 1409 1244 1452 multo

113 1487 327 1533 Proficies
349 1503 364 1537 ·,
389 1487 468 1530 nifi
495 1489 585 1531 dux
606 1487 726 1531 vires
753 1488 797 1530 &
819 1487 994 1532 brachia
1019 1487 1148 1531 rectis

113 1570 352 1625 Temperet
376 1569 592 1626 imperiis.
617 1571 818 1626 Nequam
845 1570 928 1612 tibi
951 1569 1291 1629 Villicusagros

114 1650 312 1694 Emaciat
328 1683 341 1703 ‚
367 1664 515 1694 nocuo
540 1650 669 1693 silvas
699 1649 949 1707 arbustaque
972 1651 1090 1694 ferro

113 1730 392 1787 Persequitur
403 1763 416 1783 ,
433 1728 547 1774 male
562 1730 697 1786 pascit
712 1744 823 1773 oves
836 1762 848 1782 ‚
867 1731 1112 1790 oviumque
1127 1730 1354 1790 magistros
1373 1749 1385 1778 ς

113 1810 375 1857 Incustoditi
400 1825 478 1867 per
501 1810 654 1853 mollia
671 1822 798 1866 prata
817 1822 1034 1869 vagantur

113 1891 321 1948 Laetaque
346 1892 603 1947 proculcant
627 1890 740 1932 tauri
764 1891 982 1934 frumenta
1009 1907 1020 1934 ε
1047 1892 1214 1948 rapinis

116 1974 236 2016 Arva
257 1984 409 2028 patent
426 1972 628 2027 adaperta
647 1985 661 2019 ;
680 1984 835 2014 manus
861 1985 1004 2029 neque
1023 1973 1224 2016 continet
1242 1973 1318 2018 ille

119 2053 255 2107 Cujus
283 2064 375 2096 erat
397 2054 514 2096 fures
539 2063 737 2095 avertere
761 2068 773 2095 ε
800 2067 934 2108 poma
951 2086 964 2105 ‚
994 2055 1212 2111 nucesque

119 2135 246 2176 Clam
260 2133 371 2190 legit
386 2147 399 2181 3
422 2133 466 2175 &
482 2132 666 2175 domino
684 2134 782 2188 plus
801 2132 980 2176 seminis
996 2134 1210 2190 imputat,
1228 2136 1346 2181 arvis

119 2213 267 2269 Quam
282 2213 449 2257 dederit
464 2246 477 2267 ,
497 2225 614 2257 totas
630 2228 772 2270 neque
788 2214 925 2256 mittit
945 2215 992 2257 in
1006 2215 1163 2259 horrea
1177 2216 1348 2265 meffes.

122 2295 378 2351 Sumptibus
402 2307 613 2339 extenuat
636 2294 798 2338 fruCtus
819 2310 830 2338 z
852 2295 963 2354 riget
983 2296 1120 2339 obfita
1137 2296 1247 2342 vitis

121 2375 326 2419 Sentibus
342 2407 355 2428 ,
380 2376 542 2418 erranti
566 2377 640 2419 vel
666 2376 860 2433 gramine
880 2392 891 2419 :
912 2375 1061 2429 junior
1078 2379 1207 2422 arbos

122 2455 372 2501 Deficiente
391 2455 507 2514 perit
529 2455 714 2515 lympha
734 2472 749 2507 ;
770 2456 990 2516 ficcusque
1010 2458 1191 2505 novena
