1500 2886
508 250 811 310 'LIBER
862 245 1001 303 ΙΙΙ.
1296 230 1371 319 8Ῐ9

145 354 350 404 Hausturi
369 389 383 410 ‚
406 357 555 401 sontes
578 354 788 411 spernunt
805 363 918 409 quos
937 359 1053 392 terra
1071 342 1230 389 salubri

146 439 307 485 Affecit
331 439 461 483 succo
483 470 498 493 ‚
527 437 573 481 δε
594 433 732 479 vacca
756 431 950 478 meiente
968 463 982 484 ,
1008 440 1188 487 capaces

148 519 284 564 Mane
305 521 498 577 scyphos
516 518 703 574 implent
718 547 732 569 ‚
762 514 951 558 multum
969 511 1138 555 ridente
1151 507 1346 552 Bubulco

148 579 314 645 Pocula
338 598 517 642 laetenti
545 610 640 640 non
662 594 886 638 invidiosa
911 584 1122 649 juvenii».

208 680 329 723 Mox
346 678 422 722 ubi
441 677 531 731 iam
548 663 706 733 primis
724 675 910 718 horrens
925 670 1223 730 Aquilonibus
1243 682 1381 714 annus

149 760 363 806 Deciduis
388 758 528 803 hiemi
553 757 731 821 nivibus
755 754 960 813 praeludit
983 753 1158 811 aquosae
1179 785 1194 806 ,

152 842 333 901 Cogitat
347 839 555 901 ¹herboso
578 852 687 896 grex
713 837 865 880 cedere
891 846 1044 878 monte
1065 866 1078 888 ‚
1103 834 1281 890 diesque

151 922 347 968 Pascitur
372 921 416 963 &
440 917 593 963 no&es
613 951 627 972 ,
656 917 880 974 avidoque
900 915 1063 959 viatica
1087 914 1238 958 morsu

152 1003 392 1051 Providet3
413 1002 458 1044 δι
472 1012 737 1058 quamquam
751 996 940 1041 reditum
959 1009 1052 1042 non
1067 1004 1222 1053 urgeat
1237 1026 1249 1046 ‚
1270 993 1388 1037 ultro

154 1083 397 1129 Descendit
418 1094 568 1126 tamen
583 1113 597 1133 ‚
626 1081 673 1123 &
695 1078 783 1133 iam
807 1077 1035 1136 frigidiora
1058 1074 1271 1132 relinquit

158 1165 366 1209 Culmina
384 1197 398 1217 ,
417 1175 467 1206 ut
483 1164 534 1205 in
547 1161 722 1204 stabulis
736 1160 928 1203 hiemem
945 1160 1137 1202 traducat
1153 1155 1331 1214 apricis.

218 1247 292 1290 Sic
314 1246 391 1289 ubi
415 1245 490 1298 soll
504 1242 662 1292 nostris
686 1243 892 1287 decedere
917 1240 1056 1297 coepit
1080 1241 1134 1283 ab
1162 1237 1254 1282 oris
1274 1269 1289 1290 ,

159 1329 283 1384 Quas
312 1325 443 1369 hilari
466 1335 599 1368 cantu
624 1332 898 1375 recreaverat
921 1319 1097 1378 hospita
1126 1320 1299 1380 Progne
1319 1324 1337 1371 ,⁴

160 1409 258 1454 Jam
285 1406 438 1451 bruma
461 1394 659 1462 pulsante
678 1437 693 1458 ,
717 1406 877 1448 domos
901 1401 1091 1461 fugitiva
1114 1399 1323 1458 relinquit
1342 1406 1356 1453 ,“

158 1491 214 1533 Et
239 1488 370 1532 mites
398 1487 488 1531 alio
514 1485 671 1544 quaerit
695 1485 774 1529 sub
798 1484 932 1528 fidere
957 1495 1109 1527 terras.

221 1569 295 1613 Sic
319 1571 467 1612 laetam
493 1581 591 1624 quae
616 1564 749 1609 mane
776 1564 894 1608 diem
913 1563 1160 1607 Philomela
1183 1562 1366 1614 salutat,

162 1650 306 1695 Nocte
334 1649 429 1691 filet
450 1663 463 1697 3
492 1645 634 1689 tristes
659 1644 831 1706 lugubri
854 1658 969 1688 voce
993 1658 1072 1703 per
1096 1642 1271 1705 umbras

164 1732 288 1779 Dum
316 1726 481 1771 funesta
510 1725 628 1773 canit
653 1724 910 1771 mortalibus
938 1724 1090 1771 omina
1116 1725 1249 1769 bubo.

232 1810 305 1854 Sic
334 1810 491 1852 domus
519 1807 841 1866 argentoridet
865 1821 962 1864 quae
991 1806 1130 1850 divite
1149 1839 1163 1859 ‚
1192 1805 1332 1849 densis

169 1894 329 1936 Fervet
356 1884 602 1932 amicorum
630 1886 832 1945 gregibus
856 1902 868 1931 ε
891 1887 924 1930 fi
948 1886 1095 1930 nubila
1121 1883 1301 1945 surgunt

156 1972 394 2039 >Tempora
413 2002 427 2022 ‚
449 1967 685 2027 diffugiunt
710 1982 758 2012 re
785 1968 999 2012 dilabente
1025 1968 1193 2011 sodales
1213 1982 1230 2016 3

175 2051 453 2108 Alternisque
482 2049 631 2093 virum
658 2051 850 2107 gaudens
878 2049 1068 2092 insistere
1095 2048 1224 2093 tectis
1244 2079 1259 2103 ‚

181 2134 237 2177 In
263 2131 560 2188 quoscumque
587 2130 744 2187 pedem
772 2129 924 2174 tulerit
948 2130 1142 2172 Fortuna
1166 2140 1344 2187 penates
1365 2135 1382 2185 ς

176 2210 396 2260 Instabiles
420 2210 524 2256 illuc
548 2210 696 2255 secum
722 2210 982 2255 transmutat
1009 2208 1198 2256 amicos·

663 2349 926 2447 W
