<?xml version="1.0" encoding="UTF-8"?>
<!DOCTYPE html PUBLIC "-//W3C//DTD XHTML 1.0 Transitional//EN"
    "http://www.w3.org/TR/xhtml1/DTD/xhtml1-transitional.dtd">
<html xmlns="http://www.w3.org/1999/xhtml" xml:lang="en" lang="en">
 <head>
  <title>
</title>
<meta http-equiv="Content-Type" content="text/html;charset=utf-8" />
  <meta name='ocr-system' content='tesseract 3.04.00' />
  <meta name='ocr-capabilities' content='ocr_page ocr_carea ocr_par ocr_line ocrx_word'/>
</head>
<body>
  <div class='ocr_page' id='page_1' title='image "./praediumrusticum00vaniuoft_0052.png"; bbox 0 0 1500 2886; ppageno 0'>
   <div class='ocr_carea' id='block_1_1' title="bbox 202 271 1182 335">
    <p class='ocr_par' dir='ltr' id='par_1_1' title="bbox 202 271 1182 335">
     <span class='ocr_line' id='line_1_1' title="bbox 202 271 1182 335; baseline 0.008 -8"><span class='ocrx_word' id='word_1_1' title='bbox 202 271 276 330; x_wconf 77' lang='lat'>28</span> <span class='ocrx_word' id='word_1_2' title='bbox 441 272 768 333; x_wconf 71' lang='lat' dir='ltr'><em>PRAEDH</em></span> <span class='ocrx_word' id='word_1_3' title='bbox 814 276 1182 335; x_wconf 78' lang='lat' dir='ltr'>Rvsrtct</span> 
     </span>
    </p>
   </div>
   <div class='ocr_carea' id='block_1_2' title="bbox 181 370 1382 1318">
    <p class='ocr_par' dir='ltr' id='par_1_2' title="bbox 181 370 1382 1318">
     <span class='ocr_line' id='line_1_2' title="bbox 198 370 1188 435; baseline 0.009 -22"><span class='ocrx_word' id='word_1_4' title='bbox 198 370 321 415; x_wconf 88' lang='lat' dir='ltr'>Pone</span> <span class='ocrx_word' id='word_1_5' title='bbox 347 372 512 417; x_wconf 86' lang='lat' dir='ltr'>viatori</span> <span class='ocrx_word' id='word_1_6' title='bbox 537 389 551 424; x_wconf 92' lang='lat'>;</span> <span class='ocrx_word' id='word_1_7' title='bbox 576 376 650 418; x_wconf 87' lang='lat' dir='ltr'>sed</span> <span class='ocrx_word' id='word_1_8' title='bbox 681 390 845 435; x_wconf 87' lang='lat' dir='ltr'>egenos</span> <span class='ocrx_word' id='word_1_9' title='bbox 874 377 1030 434; x_wconf 84' lang='lat' dir='ltr'>excipe</span> <span class='ocrx_word' id='word_1_10' title='bbox 1060 377 1188 421; x_wconf 71' lang='lat' dir='ltr'>teffls</span> 
     </span>
     <span class='ocr_line' id='line_1_3' title="bbox 195 452 1382 516; baseline 0.007 -21"><span class='ocrx_word' id='word_1_11' title='bbox 195 452 294 507; x_wconf 84' lang='lat' dir='ltr'>Ipse</span> <span class='ocrx_word' id='word_1_12' title='bbox 313 453 415 499; x_wconf 74' lang='lat' dir='ltr'>ruis.</span> <span class='ocrx_word' id='word_1_13' title='bbox 437 456 682 500; x_wconf 88' lang='lat' dir='ltr'>Hominum</span> <span class='ocrx_word' id='word_1_14' title='bbox 699 460 918 515; x_wconf 82' lang='lat' dir='ltr'>quondam</span> <span class='ocrx_word' id='word_1_15' title='bbox 936 458 1195 516; x_wconf 73' lang='lat' dir='ltr'>Divfimque</span> <span class='ocrx_word' id='word_1_16' title='bbox 1213 457 1382 516; x_wconf 78' lang='lat' dir='ltr'>parenti</span> 
     </span>
     <span class='ocr_line' id='line_1_4' title="bbox 196 534 1278 597; baseline 0.006 -22"><span class='ocrx_word' id='word_1_17' title='bbox 196 534 376 582; x_wconf 81' lang='lat' dir='ltr'><strong>Nomen</strong></span> <span class='ocrx_word' id='word_1_18' title='bbox 399 537 450 579; x_wconf 90' lang='lat' dir='ltr'>ab</span> <span class='ocrx_word' id='word_1_19' title='bbox 479 538 676 595; x_wconf 85' lang='lat' dir='ltr'>hospitio</span> <span class='ocrx_word' id='word_1_20' title='bbox 699 553 873 584; x_wconf 85' lang='lat' dir='ltr'>veteres</span> <span class='ocrx_word' id='word_1_21' title='bbox 897 542 1038 593; x_wconf 82' lang='lat' dir='ltr'>fecere</span> <span class='ocrx_word' id='word_1_22' title='bbox 1067 556 1082 592; x_wconf 78' lang='lat'><em>3</em></span> <span class='ocrx_word' id='word_1_23' title='bbox 1107 540 1278 597; x_wconf 85' lang='lat' dir='ltr'>suisque</span> 
     </span>
     <span class='ocr_line' id='line_1_5' title="bbox 197 613 1324 674; baseline 0.009 -19"><span class='ocrx_word' id='word_1_24' title='bbox 197 613 322 657; x_wconf 86' lang='lat' dir='ltr'>Vilia</span> <span class='ocrx_word' id='word_1_25' title='bbox 346 617 448 659; x_wconf 91' lang='lat' dir='ltr'>dum</span> <span class='ocrx_word' id='word_1_26' title='bbox 474 619 651 663; x_wconf 80' lang='lat' dir='ltr'>latebris</span> <span class='ocrx_word' id='word_1_27' title='bbox 676 621 880 666; x_wconf 81' lang='lat' dir='ltr'>animalia</span> <span class='ocrx_word' id='word_1_28' title='bbox 904 623 1084 666; x_wconf 85' lang='lat' dir='ltr'><strong>somnus</strong></span> <span class='ocrx_word' id='word_1_29' title='bbox 1111 622 1324 674; x_wconf 80' lang='lat' dir='ltr'>habebat,</span> 
     </span>
     <span class='ocr_line' id='line_1_6' title="bbox 195 695 1367 754; baseline 0.008 -18"><span class='ocrx_word' id='word_1_30' title='bbox 195 695 302 738; x_wconf 89' lang='lat' dir='ltr'>Non</span> <span class='ocrx_word' id='word_1_31' title='bbox 326 697 556 742; x_wconf 83' lang='lat' dir='ltr'>hominem</span> <span class='ocrx_word' id='word_1_32' title='bbox 580 702 699 744; x_wconf 86' lang='lat' dir='ltr'>nudo</span> <span class='ocrx_word' id='word_1_33' title='bbox 719 703 903 745; x_wconf 86' lang='lat' dir='ltr'>voluere</span> <span class='ocrx_word' id='word_1_34' title='bbox 926 703 1002 745; x_wconf 84' lang='lat' dir='ltr'>sub</span> <span class='ocrx_word' id='word_1_35' title='bbox 1027 702 1187 745; x_wconf 83' lang='lat' dir='ltr'>aethere</span> <span class='ocrx_word' id='word_1_36' title='bbox 1213 700 1367 754; x_wconf 56' lang='lat' dir='ltr'>noaes</span> 
     </span>
     <span class='ocr_line' id='line_1_7' title="bbox 194 776 1348 838; baseline 0.005 -20"><span class='ocrx_word' id='word_1_37' title='bbox 194 776 371 820; x_wconf 88' lang='lat' dir='ltr'>Ducere</span> <span class='ocrx_word' id='word_1_38' title='bbox 398 792 412 827; x_wconf 90' lang='lat'>;</span> <span class='ocrx_word' id='word_1_39' title='bbox 437 779 511 822; x_wconf 88' lang='lat' dir='ltr'>sed</span> <span class='ocrx_word' id='word_1_40' title='bbox 534 779 652 824; x_wconf 73' lang='lat' dir='ltr'>tecto</span> <span class='ocrx_word' id='word_1_41' title='bbox 677 782 896 825; x_wconf 86' lang='lat' dir='ltr'>donarunt</span> <span class='ocrx_word' id='word_1_42' title='bbox 913 780 1098 838; x_wconf 66' lang='lat' dir='ltr'>hospite</span> <span class='ocrx_word' id='word_1_43' title='bbox 1123 782 1348 835; x_wconf 79' lang='lat' dir='ltr'>:necdum</span> 
     </span>
     <span class='ocr_line' id='line_1_8' title="bbox 181 856 1187 916; baseline 0.008 -19"><span class='ocrx_word' id='word_1_44' title='bbox 181 856 435 916; x_wconf 71' lang='lat' dir='ltr'>¹Audiet-ant</span> <span class='ocrx_word' id='word_1_45' title='bbox 460 858 648 916; x_wconf 84' lang='lat' dir='ltr'>inopum</span> <span class='ocrx_word' id='word_1_46' title='bbox 676 861 763 905; x_wconf 89' lang='lat' dir='ltr'>vili</span> <span class='ocrx_word' id='word_1_47' title='bbox 794 863 877 905; x_wconf 76' lang='lat' dir='ltr'>sub</span> <span class='ocrx_word' id='word_1_48' title='bbox 903 861 1022 905; x_wconf 78' lang='lat' dir='ltr'>veste</span> <span class='ocrx_word' id='word_1_49' title='bbox 1038 863 1187 910; x_wconf 63' lang='lat' dir='ltr'>‚latere</span> 
     </span>
     <span class='ocr_line' id='line_1_9' title="bbox 197 937 1339 1009; baseline 0.004 -30"><span class='ocrx_word' id='word_1_50' title='bbox 197 937 322 994; x_wconf 80' lang='lat' dir='ltr'>Saepe</span> <span class='ocrx_word' id='word_1_51' title='bbox 346 940 494 983; x_wconf 90' lang='lat' dir='ltr'>Deum</span> <span class='ocrx_word' id='word_1_52' title='bbox 509 973 522 994; x_wconf 89' lang='lat'>,</span> <span class='ocrx_word' id='word_1_53' title='bbox 543 943 750 999; x_wconf 84' lang='lat' dir='ltr'>coeloque</span> <span class='ocrx_word' id='word_1_54' title='bbox 768 941 915 987; x_wconf 66' lang='lat' dir='ltr'>virum</span> <span class='ocrx_word' id='word_1_55' title='bbox 936 940 1018 1009; x_wconf 46' lang='lat' dir='ltr'>pia·</span> <span class='ocrx_word' id='word_1_56' title='bbox 1030 943 1146 985; x_wconf 82' lang='lat' dir='ltr'>dona</span> <span class='ocrx_word' id='word_1_57' title='bbox 1163 941 1339 997; x_wconf 87' lang='lat' dir='ltr'>reponi.</span> 
     </span>
     <span class='ocr_line' id='line_1_10' title="bbox 256 1020 1365 1078; baseline 0.004 -17"><span class='ocrx_word' id='word_1_58' title='bbox 256 1020 325 1062; x_wconf 90' lang='lat' dir='ltr'>Ne</span> <span class='ocrx_word' id='word_1_59' title='bbox 351 1020 549 1078; x_wconf 85' lang='lat' dir='ltr'>gravidas</span> <span class='ocrx_word' id='word_1_60' title='bbox 574 1024 729 1077; x_wconf 89' lang='lat' dir='ltr'>procul</span> <span class='ocrx_word' id='word_1_61' title='bbox 746 1022 770 1065; x_wconf 75' lang='grc' dir='ltr'>ὲ</span> <span class='ocrx_word' id='word_1_62' title='bbox 791 1022 900 1065; x_wconf 71' lang='lat' dir='ltr'>villa</span> <span class='ocrx_word' id='word_1_63' title='bbox 918 1034 1031 1066; x_wconf 84' lang='lat' dir='ltr'>terat</span> <span class='ocrx_word' id='word_1_64' title='bbox 1055 1037 1153 1066; x_wconf 83' lang='lat' dir='ltr'>area</span> <span class='ocrx_word' id='word_1_65' title='bbox 1177 1021 1330 1066; x_wconf 82' lang='lat' dir='ltr'>meffes</span> <span class='ocrx_word' id='word_1_66' title='bbox 1348 1037 1365 1072; x_wconf 86' lang='lat'>;</span> 
     </span>
     <span class='ocr_line' id='line_1_11' title="bbox 196 1098 1368 1158; baseline 0.004 -16"><span class='ocrx_word' id='word_1_67' title='bbox 196 1098 260 1142; x_wconf 83' lang='lat' dir='ltr'>Ut</span> <span class='ocrx_word' id='word_1_68' title='bbox 284 1099 445 1155; x_wconf 83' lang='lat' dir='ltr'>raptim</span> <span class='ocrx_word' id='word_1_69' title='bbox 470 1101 686 1144; x_wconf 86' lang='lat' dir='ltr'>frumenta</span> <span class='ocrx_word' id='word_1_70' title='bbox 717 1102 838 1145; x_wconf 92' lang='lat' dir='ltr'>domi</span> <span class='ocrx_word' id='word_1_71' title='bbox 860 1101 974 1146; x_wconf 71' lang='lat' dir='ltr'>mal‘e</span> <span class='ocrx_word' id='word_1_72' title='bbox 1000 1102 1104 1146; x_wconf 87' lang='lat' dir='ltr'>trita</span> <span class='ocrx_word' id='word_1_73' title='bbox 1127 1104 1335 1147; x_wconf 80' lang='lat' dir='ltr'>recondas</span> <span class='ocrx_word' id='word_1_74' title='bbox 1350 1133 1368 1158; x_wconf 70' lang='lat'>,</span> 
     </span>
     <span class='ocr_line' id='line_1_12' title="bbox 196 1178 1288 1240; baseline 0.007 -19"><span class='ocrx_word' id='word_1_75' title='bbox 196 1178 246 1221; x_wconf 87' lang='lat' dir='ltr'>Si</span> <span class='ocrx_word' id='word_1_76' title='bbox 275 1178 443 1222; x_wconf 88' lang='lat' dir='ltr'>subitus</span> <span class='ocrx_word' id='word_1_77' title='bbox 469 1180 632 1224; x_wconf 87' lang='lat' dir='ltr'><strong>nimbis</strong></span> <span class='ocrx_word' id='word_1_78' title='bbox 659 1181 909 1226; x_wconf 81' lang='lat' dir='ltr'>fallentibus</span> <span class='ocrx_word' id='word_1_79' title='bbox 937 1183 1104 1240; x_wconf 78' lang='lat' dir='ltr'>ingruit</span> <span class='ocrx_word' id='word_1_80' title='bbox 1128 1183 1288 1231; x_wconf 81' lang='lat' dir='ltr'>imber.</span> 
     </span>
     <span class='ocr_line' id='line_1_13' title="bbox 197 1257 1298 1318; baseline 0.007 -18"><span class='ocrx_word' id='word_1_81' title='bbox 197 1257 385 1316; x_wconf 84' lang='lat' dir='ltr'>Eligitur</span> <span class='ocrx_word' id='word_1_82' title='bbox 407 1261 532 1303; x_wconf 84' lang='lat' dir='ltr'>locus</span> <span class='ocrx_word' id='word_1_83' title='bbox 559 1261 602 1303; x_wconf 73' lang='grc' dir='ltr'>δε</span> <span class='ocrx_word' id='word_1_84' title='bbox 625 1260 821 1305; x_wconf 79' lang='lat' dir='ltr'>sublimis</span> <span class='ocrx_word' id='word_1_85' title='bbox 838 1294 852 1315; x_wconf 88' lang='lat'>‚</span> <span class='ocrx_word' id='word_1_86' title='bbox 878 1263 923 1306; x_wconf 89' lang='lat'>&amp;</span> <span class='ocrx_word' id='word_1_87' title='bbox 947 1265 1102 1307; x_wconf 77' lang='lat' dir='ltr'>arbore</span> <span class='ocrx_word' id='word_1_88' title='bbox 1126 1265 1266 1310; x_wconf 86' lang='lat' dir='ltr'>nudus</span> <span class='ocrx_word' id='word_1_89' title='bbox 1282 1294 1298 1318; x_wconf 83' lang='lat'>‚</span> 
     </span>
    </p>
   </div>
   <div class='ocr_carea' id='block_1_3' title="bbox 111 1339 1247 1398">
    <p class='ocr_par' dir='ltr' id='par_1_3' title="bbox 111 1339 1247 1398">
     <span class='ocr_line' id='line_1_14' title="bbox 111 1339 1247 1398; baseline 0.004 -13"><span class='ocrx_word' id='word_1_90' title='bbox 111 1381 113 1385; x_wconf 85' lang='lat'><em>.</em></span> <span class='ocrx_word' id='word_1_91' title='bbox 197 1339 262 1383; x_wconf 88' lang='lat' dir='ltr'>Ut</span> <span class='ocrx_word' id='word_1_92' title='bbox 285 1341 431 1383; x_wconf 91' lang='lat' dir='ltr'>lenem</span> <span class='ocrx_word' id='word_1_93' title='bbox 454 1340 639 1397; x_wconf 85' lang='lat' dir='ltr'>accipiat</span> <span class='ocrx_word' id='word_1_94' title='bbox 658 1341 894 1398; x_wconf 85' lang='lat' dir='ltr'>perflabilis</span> <span class='ocrx_word' id='word_1_95' title='bbox 921 1357 1020 1387; x_wconf 86' lang='lat' dir='ltr'>area</span> <span class='ocrx_word' id='word_1_96' title='bbox 1044 1356 1247 1398; x_wconf 81' lang='lat' dir='ltr'>ventum.</span> 
     </span>
    </p>
   </div>
   <div class='ocr_carea' id='block_1_4' title="bbox 187 1419 1402 2535">
    <p class='ocr_par' dir='ltr' id='par_1_4' title="bbox 194 1419 1354 1720">
     <span class='ocr_line' id='line_1_15' title="bbox 194 1419 1340 1487; baseline 0.006 -25"><span class='ocrx_word' id='word_1_97' title='bbox 194 1419 279 1463; x_wconf 86' lang='lat' dir='ltr'>Illa</span> <span class='ocrx_word' id='word_1_98' title='bbox 302 1422 376 1463; x_wconf 88' lang='lat' dir='ltr'>vel</span> <span class='ocrx_word' id='word_1_99' title='bbox 406 1421 575 1479; x_wconf 85' lang='lat' dir='ltr'>ingenti</span> <span class='ocrx_word' id='word_1_100' title='bbox 604 1422 686 1464; x_wconf 87' lang='lat' dir='ltr'>tibi</span> <span class='ocrx_word' id='word_1_101' title='bbox 715 1425 1028 1479; x_wconf 80' lang='lat' dir='ltr'>complananda</span> <span class='ocrx_word' id='word_1_102' title='bbox 1053 1425 1257 1482; x_wconf 84' lang='lat' dir='ltr'>cylindro</span> <span class='ocrx_word' id='word_1_103' title='bbox 1273 1456 1288 1479; x_wconf 87' lang='lat'>,</span> <span class='ocrx_word' id='word_1_104' title='bbox 1334 1482 1340 1487; x_wconf 32' lang='grc' dir='ltr'>ι</span> 
     </span>
     <span class='ocr_line' id='line_1_16' title="bbox 195 1500 1354 1563; baseline 0.005 -20"><span class='ocrx_word' id='word_1_105' title='bbox 195 1501 288 1548; x_wconf 79' lang='lat' dir='ltr'>,Vel</span> <span class='ocrx_word' id='word_1_106' title='bbox 314 1500 429 1549; x_wconf 76' lang='lat' dir='ltr'>saxis</span> <span class='ocrx_word' id='word_1_107' title='bbox 458 1501 603 1558; x_wconf 89' lang='lat' dir='ltr'>(opus</span> <span class='ocrx_word' id='word_1_108' title='bbox 631 1506 875 1560; x_wconf 81' lang='lat' dir='ltr'>aeternum)</span> <span class='ocrx_word' id='word_1_109' title='bbox 901 1502 1124 1548; x_wconf 86' lang='lat' dir='ltr'>sternenda</span> <span class='ocrx_word' id='word_1_110' title='bbox 1144 1521 1155 1548; x_wconf 91' lang='lat'>:</span> <span class='ocrx_word' id='word_1_111' title='bbox 1175 1505 1354 1563; x_wconf 83' lang='lat' dir='ltr'>flagello</span> 
     </span>
     <span class='ocr_line' id='line_1_17' title="bbox 198 1581 1279 1639; baseline 0.004 -15"><span class='ocrx_word' id='word_1_112' title='bbox 198 1581 330 1625; x_wconf 89' lang='lat' dir='ltr'>Cedit</span> <span class='ocrx_word' id='word_1_113' title='bbox 354 1582 473 1625; x_wconf 88' lang='lat' dir='ltr'>enim</span> <span class='ocrx_word' id='word_1_114' title='bbox 498 1583 628 1626; x_wconf 80' lang='lat' dir='ltr'>tellus</span> <span class='ocrx_word' id='word_1_115' title='bbox 643 1614 659 1635; x_wconf 85' lang='lat'>‚</span> <span class='ocrx_word' id='word_1_116' title='bbox 683 1593 812 1639; x_wconf 85' lang='lat' dir='ltr'>atque</span> <span class='ocrx_word' id='word_1_117' title='bbox 839 1582 1051 1629; x_wconf 88' lang='lat' dir='ltr'>interiore</span> <span class='ocrx_word' id='word_1_118' title='bbox 1079 1586 1279 1629; x_wconf 80' lang='lat' dir='ltr'>recondit</span> 
     </span>
     <span class='ocr_line' id='line_1_18' title="bbox 196 1662 1266 1720; baseline 0.006 -15"><span class='ocrx_word' id='word_1_119' title='bbox 196 1662 396 1706; x_wconf 89' lang='lat' dir='ltr'>Mollitie</span> <span class='ocrx_word' id='word_1_120' title='bbox 420 1663 638 1706; x_wconf 81' lang='lat' dir='ltr'>frumenta</span> <span class='ocrx_word' id='word_1_121' title='bbox 655 1693 669 1715; x_wconf 84' lang='lat'>‚</span> <span class='ocrx_word' id='word_1_122' title='bbox 693 1663 785 1706; x_wconf 89' lang='lat' dir='ltr'>levi</span> <span class='ocrx_word' id='word_1_123' title='bbox 809 1666 884 1707; x_wconf 90' lang='lat' dir='ltr'>vel</span> <span class='ocrx_word' id='word_1_124' title='bbox 909 1665 1266 1720; x_wconf 73' lang='lat' dir='ltr'>pulverejfoedat.</span> 
     </span>
    </p>

    <p class='ocr_par' dir='ltr' id='par_1_5' title="bbox 187 1742 1402 2444">
     <span class='ocr_line' id='line_1_19' title="bbox 258 1742 1402 1805; baseline 0.005 -19"><span class='ocrx_word' id='word_1_125' title='bbox 258 1742 326 1786; x_wconf 88' lang='lat' dir='ltr'>Sit</span> <span class='ocrx_word' id='word_1_126' title='bbox 353 1743 518 1800; x_wconf 84' lang='lat' dir='ltr'>piscina</span> <span class='ocrx_word' id='word_1_127' title='bbox 543 1745 734 1800; x_wconf 80' lang='lat' dir='ltr'>duplex,</span> <span class='ocrx_word' id='word_1_128' title='bbox 759 1756 809 1787; x_wconf 91' lang='lat' dir='ltr'>ut</span> <span class='ocrx_word' id='word_1_129' title='bbox 838 1757 1028 1789; x_wconf 80' lang='lat' dir='ltr'>maceret</span> <span class='ocrx_word' id='word_1_130' title='bbox 1056 1748 1192 1790; x_wconf 86' lang='lat' dir='ltr'>altera</span> <span class='ocrx_word' id='word_1_131' title='bbox 1215 1746 1363 1805; x_wconf 78' lang='lat' dir='ltr'>virgas</span> <span class='ocrx_word' id='word_1_132' title='bbox 1379 1760 1402 1798; x_wconf 77' lang='lat'>¹,</span> 
     </span>
     <span class='ocr_line' id='line_1_20' title="bbox 197 1823 1246 1883; baseline 0.004 -17"><span class='ocrx_word' id='word_1_133' title='bbox 197 1824 253 1866; x_wconf 89' lang='lat' dir='ltr'>Et</span> <span class='ocrx_word' id='word_1_134' title='bbox 274 1824 428 1880; x_wconf 89' lang='lat' dir='ltr'>pecori</span> <span class='ocrx_word' id='word_1_135' title='bbox 450 1823 622 1867; x_wconf 85' lang='lat' dir='ltr'>facilem</span> <span class='ocrx_word' id='word_1_136' title='bbox 646 1826 718 1867; x_wconf 90' lang='lat' dir='ltr'>det</span> <span class='ocrx_word' id='word_1_137' title='bbox 742 1825 898 1880; x_wconf 85' lang='lat' dir='ltr'>purior</span> <span class='ocrx_word' id='word_1_138' title='bbox 916 1827 1050 1869; x_wconf 79' lang='lat' dir='ltr'>altera</span> <span class='ocrx_word' id='word_1_139' title='bbox 1073 1839 1246 1883; x_wconf 91' lang='lat' dir='ltr'>potum.</span> 
     </span>
     <span class='ocr_line' id='line_1_21' title="bbox 197 1902 1388 1963; baseline 0.004 -16"><span class='ocrx_word' id='word_1_140' title='bbox 197 1903 489 1961; x_wconf 83' lang='lat' dir='ltr'>Purgamenta</span> <span class='ocrx_word' id='word_1_141' title='bbox 511 1902 667 1946; x_wconf 63' lang='lat' dir='ltr'>domus</span> <span class='ocrx_word' id='word_1_142' title='bbox 693 1902 931 1961; x_wconf 85' lang='lat' dir='ltr'>stabulique</span> <span class='ocrx_word' id='word_1_143' title='bbox 947 1936 960 1958; x_wconf 90' lang='lat'>,</span> <span class='ocrx_word' id='word_1_144' title='bbox 988 1906 1174 1963; x_wconf 86' lang='lat' dir='ltr'>soloque</span> <span class='ocrx_word' id='word_1_145' title='bbox 1197 1905 1388 1961; x_wconf 80' lang='lat' dir='ltr'>iacentes</span> 
     </span>
     <span class='ocr_line' id='line_1_22' title="bbox 199 1983 1323 2046; baseline 0.004 -20"><span class='ocrx_word' id='word_1_146' title='bbox 199 1985 322 2039; x_wconf 84' lang='lat' dir='ltr'>Quas</span> <span class='ocrx_word' id='word_1_147' title='bbox 350 1984 473 2027; x_wconf 78' lang='lat' dir='ltr'>silvis</span> <span class='ocrx_word' id='word_1_148' title='bbox 500 1983 675 2027; x_wconf 87' lang='lat' dir='ltr'>decuffit</span> <span class='ocrx_word' id='word_1_149' title='bbox 699 1983 841 2028; x_wconf 90' lang='lat' dir='ltr'>hiems</span> <span class='ocrx_word' id='word_1_150' title='bbox 870 1985 1292 2046; x_wconf 8' lang='lat' dir='ltr'>aquiloniaKfrondes</span> <span class='ocrx_word' id='word_1_151' title='bbox 1308 2019 1323 2041; x_wconf 86' lang='lat'>,</span> 
     </span>
     <span class='ocr_line' id='line_1_23' title="bbox 187 2063 1338 2121; baseline 0.002 -13"><span class='ocrx_word' id='word_1_152' title='bbox 187 2066 254 2118; x_wconf 82' lang='lat' dir='ltr'>¹Et</span> <span class='ocrx_word' id='word_1_153' title='bbox 274 2065 432 2108; x_wconf 88' lang='lat' dir='ltr'>limum</span> <span class='ocrx_word' id='word_1_154' title='bbox 453 2097 466 2117; x_wconf 92' lang='lat'>‚</span> <span class='ocrx_word' id='word_1_155' title='bbox 486 2063 615 2107; x_wconf 82' lang='lat' dir='ltr'>fluvii</span> <span class='ocrx_word' id='word_1_156' title='bbox 633 2064 665 2107; x_wconf 83' lang='lat' dir='ltr'><strong>fi</strong></span> <span class='ocrx_word' id='word_1_157' title='bbox 683 2078 816 2121; x_wconf 88' lang='lat' dir='ltr'>quem</span> <span class='ocrx_word' id='word_1_158' title='bbox 836 2064 1106 2108; x_wconf 81' lang='lat' dir='ltr'>incrementa</span> <span class='ocrx_word' id='word_1_159' title='bbox 1125 2066 1338 2110; x_wconf 87' lang='lat' dir='ltr'>tumentis</span> 
     </span>
     <span class='ocr_line' id='line_1_24' title="bbox 197 2142 1368 2203; baseline 0.003 -14"><span class='ocrx_word' id='word_1_160' title='bbox 197 2144 463 2201; x_wconf 83' lang='lat' dir='ltr'>Respuerint</span> <span class='ocrx_word' id='word_1_161' title='bbox 479 2176 492 2197; x_wconf 87' lang='lat'>,</span> <span class='ocrx_word' id='word_1_162' title='bbox 516 2143 692 2187; x_wconf 76' lang='lat' dir='ltr'>madidae</span> <span class='ocrx_word' id='word_1_163' title='bbox 717 2142 841 2187; x_wconf 71' lang='lat' dir='ltr'>teffis</span> <span class='ocrx_word' id='word_1_164' title='bbox 871 2146 1026 2200; x_wconf 82' lang='lat' dir='ltr'>procul</span> <span class='ocrx_word' id='word_1_165' title='bbox 1051 2144 1201 2203; x_wconf 83' lang='lat' dir='ltr'>ingere</span> <span class='ocrx_word' id='word_1_166' title='bbox 1225 2145 1368 2192; x_wconf 82' lang='lat' dir='ltr'>foffae:</span> 
     </span>
     <span class='ocr_line' id='line_1_25' title="bbox 198 2225 1202 2282; baseline 0 -12"><span class='ocrx_word' id='word_1_167' title='bbox 198 2225 273 2270; x_wconf 81' lang='lat' dir='ltr'>Sic</span> <span class='ocrx_word' id='word_1_168' title='bbox 297 2225 430 2282; x_wconf 77' lang='lat' dir='ltr'>positi</span> <span class='ocrx_word' id='word_1_169' title='bbox 457 2236 608 2268; x_wconf 82' lang='lat' dir='ltr'>tenues</span> <span class='ocrx_word' id='word_1_170' title='bbox 634 2238 727 2268; x_wconf 86' lang='lat' dir='ltr'>non</span> <span class='ocrx_word' id='word_1_171' title='bbox 754 2225 974 2268; x_wconf 83' lang='lat' dir='ltr'>evanescit</span> <span class='ocrx_word' id='word_1_172' title='bbox 1003 2225 1051 2268; x_wconf 90' lang='lat' dir='ltr'>in</span> <span class='ocrx_word' id='word_1_173' title='bbox 1076 2240 1202 2270; x_wconf 85' lang='lat' dir='ltr'>auras</span> 
     </span>
     <span class='ocr_line' id='line_1_26' title="bbox 198 2305 1277 2365; baseline 0.002 -14"><span class='ocrx_word' id='word_1_174' title='bbox 198 2306 384 2351; x_wconf 82' lang='lat' dir='ltr'>Exsucci</span> <span class='ocrx_word' id='word_1_175' title='bbox 408 2306 479 2349; x_wconf 86' lang='lat' dir='ltr'>vis</span> <span class='ocrx_word' id='word_1_176' title='bbox 505 2317 601 2349; x_wconf 87' lang='lat' dir='ltr'>tota</span> <span class='ocrx_word' id='word_1_177' title='bbox 626 2305 721 2348; x_wconf 86' lang='lat' dir='ltr'>fimi</span> <span class='ocrx_word' id='word_1_178' title='bbox 747 2320 761 2355; x_wconf 87' lang='lat'>;</span> <span class='ocrx_word' id='word_1_179' title='bbox 787 2306 1011 2364; x_wconf 58' lang='lat' dir='ltr'>crassique</span> <span class='ocrx_word' id='word_1_180' title='bbox 1036 2307 1277 2365; x_wconf 77' lang='lat' dir='ltr'>peremptis</span> 
     </span>
     <span class='ocr_line' id='line_1_27' title="bbox 198 2384 1366 2444; baseline 0.001 -13"><span class='ocrx_word' id='word_1_181' title='bbox 198 2386 447 2435; x_wconf 82' lang='lat' dir='ltr'>Seminibus</span> <span class='ocrx_word' id='word_1_182' title='bbox 466 2384 647 2444; x_wconf 56' lang='lat' dir='ltr'>lympha</span> <span class='ocrx_word' id='word_1_183' title='bbox 663 2417 675 2439; x_wconf 90' lang='lat'><strong>,</strong></span> <span class='ocrx_word' id='word_1_184' title='bbox 697 2399 789 2430; x_wconf 88' lang='lat' dir='ltr'>non</span> <span class='ocrx_word' id='word_1_185' title='bbox 808 2387 993 2442; x_wconf 86' lang='lat' dir='ltr'>pullulat</span> <span class='ocrx_word' id='word_1_186' title='bbox 1009 2388 1185 2431; x_wconf 87' lang='lat' dir='ltr'>herbida</span> <span class='ocrx_word' id='word_1_187' title='bbox 1205 2388 1366 2433; x_wconf 62' lang='lat' dir='ltr'>mestis.⁴</span> 
     </span>
    </p>

    <p class='ocr_par' dir='ltr' id='par_1_6' title="bbox 260 2465 1346 2535">
     <span class='ocr_line' id='line_1_28' title="bbox 260 2465 1346 2535; baseline 0 -23"><span class='ocrx_word' id='word_1_188' title='bbox 260 2465 472 2512; x_wconf 82' lang='lat' dir='ltr'>Proxima</span> <span class='ocrx_word' id='word_1_189' title='bbox 491 2465 574 2512; x_wconf 85' lang='lat' dir='ltr'>fint</span> <span class='ocrx_word' id='word_1_190' title='bbox 591 2465 711 2513; x_wconf 81' lang='lat' dir='ltr'>viuae</span> <span class='ocrx_word' id='word_1_191' title='bbox 729 2466 927 2525; x_wconf 82' lang='lat' dir='ltr'>pomaria</span> <span class='ocrx_word' id='word_1_192' title='bbox 944 2498 957 2521; x_wconf 85' lang='lat'>‚</span> <span class='ocrx_word' id='word_1_193' title='bbox 978 2466 1141 2535; x_wconf 79' lang='lat' dir='ltr'>floreus</span> <span class='ocrx_word' id='word_1_194' title='bbox 1158 2469 1312 2513; x_wconf 85' lang='lat' dir='ltr'>hortus</span> <span class='ocrx_word' id='word_1_195' title='bbox 1328 2499 1346 2523; x_wconf 81' lang='lat'><em>,</em></span> 
     </span>
    </p>
   </div>
  </div>
 </body>
</html>
