1500 2834
463 245 774 304 LIBER
838 246 948 304 VI.
1222 244 1343 305 161·

76 338 199 396 Ergo
227 353 354 385 novo
382 342 584 403 surgente
609 346 680 391 die
698 371 714 401 ς
740 345 978 391 crescentia
1001 343 1232 404 postquam

31 439 34 441 Δ
84 420 265 464 Cornua
290 420 379 475 iam
406 424 543 469 sexto·
560 427 728 471 Phoebe
752 438 1035 484 reparaverat
1062 440 1198 479 οπως
1238 455 1253 464 -

81 488 311 546 Nobilitas
336 517 437 548 cum
464 507 592 562 prebe
608 537 624 561 ‚
642 507 733 550 viri
761 520 861 551 cum
886 507 1097 551 matribus
1125 508 1246 552 ibant

83 580 190 634 Quo
216 582 293 627 sua
322 598 402 642 per
428 587 555 630 lucos
571 619 585 640 ,
611 601 693 644 per
721 588 765 631 &
789 587 914 632 invia
939 589 1042 631 saxa
1067 591 1256 633 vocabat

81 661 279 722 Reuigio
307 681 321 715 3
348 666 517 709 sacrum
543 667 763 711 resecabat
788 670 841 712 ab
866 670 1020 712 arbore
1048 683 1220 712 ramum

79 741 226 787 Aurea
252 745 344 788 falx
370 760 383 789 ε
408 759 552 804 neque
574 748 695 791 enim
720 749 839 792 ferro
863 735 1239 796 violarefficebat.

80 823 300 868 Candenti
323 826 584 882 praecinctus
609 839 702 872 erat
731 828 819 886 qua
847 828 968 872 veste
996 826 1211 873 Sacerdos

78 902 318 960 Excipiens
343 905 516 950 viscum
531 939 545 961 ‚
571 910 744 966 populo
768 910 1003 966 plaudente
1020 942 1035 964 ‚
1058 911 1136 954 sub
1165 911 1259 967 ipsa

81 984 279 1028 Grandia
302 992 530 1029 taurorum
558 987 771 1032 mactabat
798 1002 990 1047 corpora
1017 1005 1181 1048 quercu
1198 1023 1212 1044 ‚

77 1065 221 1109 Ausus
248 1067 292 1109 δι
317 1067 515 1112 humano
543 1070 710 1113 cultros
735 1070 902 1114 foedare
927 1084 1099 1116 cruore.

137 1146 269 1190 Parce
284 1148 409 1191 Deus
425 1151 434 1192 !
451 1162 594 1205 neque
609 1149 703 1192 dira
716 1152 839 1193 luant
853 1150 1082 1195 commissa
1097 1164 1327 1208 parentum
1344 1155 1346 1157 ’

77 1227 234 1270 Secula
259 1227 436 1272 servasti
464 1244 576 1287 quos
603 1230 652 1274 in
676 1231 862 1275 meliora
887 1233 1104 1289 Nepotes.

77 1309 276 1353 Numina
300 1324 417 1354 vana
441 1313 594 1355 colens
611 1344 624 1365 ,
649 1314 886 1371 legumque
910 1314 1047 1357 oblita
1074 1329 1247 1359 tuarum
1310 1315 1312 1318 ’

78 1387 226 1432 Gallia
254 1390 287 1432 fi
313 1389 448 1433 tantis
473 1391 623 1447 potuit
647 1391 925 1436 succumbere
950 1394 1126 1451 cu1pis;

74 1469 181 1513 Non
206 1469 289 1513 aliz
317 1470 380 1514 est
406 1470 518 1515 ritus
543 1486 640 1529 quae
667 1487 775 1531 gens
799 1485 934 1518 exuta
958 1466 1169 1532 profanos
1184 1510 1199 1532 ‚

73 1550 289 1596 Servierit
315 1553 448 1596 Coelo
474 1553 632 1598 melius
657 1569 670 1598 ε
699 1568 794 1598 non
819 1556 989 1613 sceptra
1014 1557 1204 1616 suosque

70 1632 248 1677 Fortius
273 1633 335 1676 est
362 1645 500 1677 tutata
522 1636 636 1678 lares
652 1667 666 1689 ,
694 1634 825 1693 quam
851 1637 1059 1682 Numinis
1087 1653 1199 1686 aras.

133 1713 306 1757 Nostris
333 1714 600 1759 Pontificum
624 1717 826 1762 Romana
854 1719 1056 1776 potentia
1083 1721 1213 1764 donis

70 1794 225 1851 Regna
253 1794 340 1838 suae
365 1794 547 1840 ditionis
571 1796 733 1842 habens
750 1830 764 1852 ,
788 1799 862 1843 dat
883 1798 979 1855 jura
1003 1815 1083 1858 per
1108 1787 1259 1847 urbes

70 1875 346 1919 Ausonidum
361 1909 377 1931 ‚
397 1877 492 1921 sola
516 1892 625 1935 quas
648 1879 902 1938 Relligione
923 1884 1129 1930 tenebat:

70 1956 235 1999 Divini
259 1956 331 2000 cui
355 1970 458 2001 cura
480 1959 626 2018 gregis
653 1961 880 2006 commifl'a
902 1964 1112 2008 Sacerdos

72 2035 299 2081 Maximus
315 2069 329 2091 ‚
353 2037 531 2095 imperii
554 2039 750 2086 summos
777 2054 827 2085 ut
850 2043 1028 2088 haberet
1049 2046 1245 2092 honores

70 2116 285 2162 Pastorale
311 2120 473 2176 pedum
495 2120 670 2177 sceptro
693 2123 967 2168 mutavimus
991 2140 1142 2171 aureo.

132 2192 254 2253 Quid
265 2201 421 2256 loquar
429 2201 652 2245 emensum
663 2204 842 2263 pelagus
855 2236 868 2257 ‚
881 2206 1139 2265 veteresque
1149 2208 1420 2271 triumphos·,

38 2290 43 2312 ¹
69 2276 217 2321 Gallia
242 2278 395 2333 juratis
418 2279 529 2324 olim
553 2295 689 2340 quum
711 2284 910 2327 tota‘sub
932 2286 1066 2330 armis

62 2357 164 2407 bat
190 2374 203 2408 ·,
232 2360 276 2403 &
305 2361 487 2419 auguste
513 2363 685 2421 Regum
709 2378 888 2423 quoque
911 2367 1097 2426 prodiga
1121 2370 1228 2417 vitae
1246 2405 1262 2429 ,

68 2437 286 2486 vistrices
314 2442 523 2494 Solimaea
546 2457 699 2494 cruces
721 2459 802 2505 per
825 2460 959 2510 regna
983 2447 1166 2502 ferebat.

1028 2531 1065 2577 1.
