1500 2886
128 280 210 346 ‘92
370 267 700 348 PRAEDJI
742 259 1161 328 Rvsrzcr

129 369 230 414 Vix
250 369 457 412 celeraret
479 368 564 412 iter
593 368 681 424 jam
704 369 957 427 tempestate
983 368 1196 424 suborta-,⁴

127 451 246 494 Cum
274 451 465 494 clamore
493 465 623 494 ruens
647 450 727 493 nifi
748 450 895 493 Pastor
918 450 1024 494 fuste
1051 453 1300 494 morantem

129 532 378 576 Admoneat
400 533 567 589 pluviis
593 534 682 586 sese
708 534 940 576 subducere
966 532 1147 577 nimbis.

190 613 319 655 Hanc
339 625 486 656 autem
505 614 671 657 Natura
691 612 796 656 lic'et
818 613 956 671 magis
977 613 1182 656 omnibus
1201 624 1334 658 unam

128 691 368 746 Vestierst,
400 706 549 737 tamen
578 693 816 738 invalidam
844 695 1115 751 penetrabile
1143 693 1281 751 frigus

129 772 358 816 Interimet
371 804 384 826 ,
402 772 618 817 stabulum
636 774 810 830 tepidos
826 774 906 817 nifi
922 786 1076 832 vergat
1091 777 1144 818 ad
1158 773 1338 818 Austros
1351 787 1367 819 ε

129 854 188 897 Et
215 854 371 897 siccam
401 854 554 911 pecori
581 854 746 898 filicem
771 857 1002 913 paleasque
1029 855 1208 900 cubanti

131 935 294 992 Opilio
323 935 595 988 substernat3
622 936 700 980 ubi
729 951 830 980 cum
858 937 1067 998 matribus
1098 937 1201 995 agni

131 1015 288 1059 Purius
318 1017 361 1059 δι
386 1027 563 1061 teneros
593 1019 816 1075 deponant
842 1019 1038 1061 molliter
1068 1031 1204 1063 artus.

131 1097 246 1139 Nam
273 1095 380 1149 jove
409 1097 485 1140 sub
510 1099 628 1140 nudo
659 1097 780 1141 filvis
810 1113 908 1155 quae
936 1097 1057 1142 vixit
1083 1098 1130 1141 in
1155 1099 1291 1153 altis‚‘

132 1177 387 1222 Ventorum
405 1177 576 1234 patiens
603 1175 847 1235 hiemisque
866 1211 879 1231 ‚
907 1178 1139 1222 domestica
1164 1179 1336 1223 nostros

132 1259 203 1302 Ad
230 1273 377 1303 mores
404 1259 587 1302 deflexit
618 1260 720 1303 ovis
747 1275 758 1303 ε
789 1258 879 1316 quo
905 1262 1029 1316 plura
1059 1260 1187 1306 saluti

134 1339 348 1383 Cavimus
367 1372 381 1392 ‚
401 1354 514 1397 aegra
533 1339 671 1398 magis
682 1350 913 1383 tentarunt
936 1355 1124 1398 corpora
1143 1342 1306 1385 morbi.

196 1422 346 1477 Quare
367 1420 482 1478 agite
504 1421 546 1463 δε
566 1420 721 1477 primis
742 1435 902 1479 agnum
919 1434 1120 1465 curemus
1144 1422 1196 1465 ab
1215 1421 1371 1466 annist

134 1502 288 1545 Haufit
316 1502 391 1544 ubi
414 1503 558 1546 lucem
586 1501 736 1559 matris
769 1502 967 1558 delapsus
995 1503 1047 1546 ab
1077 1504 1182 1546 alvo
1203 1534 1217 1554 ,

135 1583 326 1640 Erigitur
362 1598 373 1627 ι
400 1581 550 1639 preffis
578 1582 722 1626 custos
750 1583 908 1640 agnina
936 1582 1112 1639 papillis
1150 1602 1154 1606 ·

137 1664 233 1707 Ora
257 1663 370 1720 rigat
388 1695 400 1716 ‚
432 1662 715 1720 primumque
745 1662 926 1719 inspirat
953 1661 1078 1706 lactis
1105 1672 1339 1718 amorem,'

136 1743 351 1788 Distentis
385 1743 592 1786 alimenta
620 1744 782 1787 docens
810 1744 992 1788 educere
1016 1743 1256 1790 mammis:

136 1826 222 1868 Sed
242 1823 362 1881 prius
384 1824 595 1882 exiguum
615 1825 782 1881 mulget
800 1825 866 1867 lac
887 1823 1035 1868 Pastor
1055 1857 1068 1878 ‚
1095 1825 1309 1882 humique

136 1905 321 1961 Projicit
340 1905 587 1963 exprefl‘um
607 1905 808 1948 manibus
828 1922 839 1950 :
863 1920 965 1949 nam
983 1906 1145 1950 lasteus
1165 1907 1327 1950 humor

135 1987 280 2030 Enixa
306 1986 383 2044 qui
408 1998 547 2030 matre
576 2000 726 2028 recens
752 1985 970 2029 emittitur
990 2018 1003 2039 ‚
1033 2000 1169 2046 agnos

136 2067 349 2111 Tristibus
377 2065 554 2109 afflistat
579 2065 744 2127 morbis
774 2066 822 2108 in
850 2064 1005 2112 limine
1034 2066 1157 2110 vitaea

197 2146 319 2189 Dein
334 2160 433 2189 cum
453 2147 578 2201 prole
594 2151 748 2201 parens
766 2145 1000 2190 includitur
1016 2162 1030 2196 ·,
1050 2147 1123 2190 illa
1138 2149 1368 2194 novellum

136 2228 202 2271 Ut
225 2227 377 2269 foveat
399 2237 571 2281 partum
593 2256 606 2277 ,
631 2224 850 2268 condiscat
877 2225 920 2268 &
943 2225 1018 2269 ille
1043 2239 1270 2282 parentem

138 2305 272 2353 Nofl‘e
299 2306 419 2348 suam
446 2322 457 2349 :
485 2317 579 2348 tum
610 2304 705 2362 post
728 2305 905 2350 biduum
931 2307 1164 2350 vernantia
1189 2307 1292 2351 fetis

137 2385 316 2434 Hordea
340 2384 595 2440 permittant
619 2386 777 2428 ovibus
795 2418 807 2438 ,
836 2385 1089 2444 stabuloque
1116 2389 1305 2442 tenellos

140 2464 408 2513 Contineant
428 2480 565 2527 agnos
582 2481 598 2517 ·,
618 2480 881 2526 quamquam
899 2467 987 2513 fine
1006 2468 1094 2512 fine
1113 2479 1338 2530 gementes
