1500 2886
560 256 838 317 LIBER
901 251 955 315 1.
1300 209 1459 334 15²

136 383 260 428 Dum
283 377 451 426 foditur
467 412 480 433 ‚
504 378 652 438 patuit
675 360 861 428 clu-&un
891 376 1144 434 priscosque
1164 375 1336 419 labores

141 462 370 520 Opposuit
394 460 552 504 nostris
578 459 779 502 Romana
803 457 1005 518 potentia
1021 456 1182 514 coeptis
1202 489 1214 510 ,
1363 444 1368 446 ⁷

140 543 433 601 francigenas
453 554 630 586 certans
645 541 731 583 hac
753 539 907 582 salt‘em
931 538 1112 594 vipgere
1130 539 1254 582 laude
1273 553 1288 582 τ

141 623 376 668 Artificum
395 622 595 679 superata
614 619 747 664 minu
765 619 839 663 sed
856 620 1000 662 Roma
1020 645 1034 673 ς
1055 619 1262 675 palustres

144 706 214 749 Ad
233 717 350 747 mare
367 701 568 746 vicinum
586 700 718 744 duxit
733 714 834 743 cum
853 699 1037 743 flumine
1056 714 1180 743 ranas
1201 715 1216 749 3

147 785 301 839 GalliaA
313 785 416 827 dum
436 783 616 842 gemi‘no
635 783 801 827 faciens
819 780 1087 825 commercia
1107 791 1249 837 ponto
1266 811 1280 833 ,

144 868 331 924 Ignotos
355 865 521 908 ratibus
541 865 672 908 calles
697 865 854 906 tellure
874 863 950 906 sub
970 862 1060 905 ima

147 945 342 995 Effodm
367 946 411 988 &
429 947 568 1004 longo
588 944 801 1002 suspenfis
821 943 991 987 fornice
1010 940 1208 1000 lymphis

148 1027 263 1082 Quae
281 1028 475 1070 medium
500 1038 594 1068 non
609 1025 710 1068 inde
723 1025 881 1082 procul
899 1038 978 1080 per
997 1023 1129 1067 inane
1148 1023 1359 1066 volabant
1374 1028 1391 1077 ‚'

149 1107 334 1151 Icariam
353 1106 462 1149 visae
482 1120 619 1149 naves
639 1104 829 1148 timuifl‘e
849 1104 1021 1149 ruinam
1042 1138 1055 1158 ‚

152 1190 286 1232 Nunc
305 1188 381 1230 sub
396 1188 537 1230 humo
556 1187 708 1231 mersae
727 1186 860 1245 stygii
880 1186 1004 1244 nigra
1022 1199 1196 1229 verrere
1210 1184 1333 1229 Ditis
1382 1204 1388 1209 ·

158 1271 320 1328 Stagna
339 1280 495 1326 putant
516 1283 528 1312 ε
550 1268 625 1311 sed
644 1281 754 1311 mox
777 1281 913 1324 quum
934 1267 1207 1314 subterranea
1231 1265 1365 1310 remis

159 1350 360 1408 AEquora
379 1350 602 1393 sulcarant
618 1380 632 1401 ‚
653 1349 760 1391 altas
781 1347 857 1389 ubi
877 1346 1058 1390 Blittera
1076 1358 1217 1390 turres

159 1433 306 1488 Atque
331 1431 435 1484 suos
459 1429 599 1473 oculis
624 1427 765 1486 aperit
791 1427 1049 1482 mirantibus
1071 1442 1198 1485 agros
1219 1442 1235 1478 3
1270 1454 1277 1457 »

161 1512 354 1570 Elyfium
374 1545 389 1566 ‚
415 1503 522 1555 loca'
541 1525 638 1567 quae
663 1509 1000 1554 fortunatiffima
1021 1509 1152 1553 vestit

164 1593 388 1650 Purpure5
412 1593 480 1635 sol
503 1594 602 1635 luce
619 1623 634 1645 ‚
656 1589 734 1633 fibi
758 1589 950 1647 spectare
975 1589 1203 1652 vizlentun

186 1695 188 1697 ·
226 1675 287 1717 At
304 1686 447 1729 neque
466 1673 542 1715 vel
560 1670 668 1715 coeli
683 1670 816 1714 facies
831 1672 908 1714 vel
926 1670 1064 1728 gratia
1081 1670 1194 1714 ruris

167 1756 315 1799 Dulce
334 1765 522 1797 movent
539 1751 652 1795 miri
669 1764 817 1808 captas
836 1750 1071 1795 formidine
1088 1765 1257 1808 puppes
1275 1767 1290 1797 ε

169 1834 379 1880 Terribili
404 1848 505 1878 nam
529 1847 631 1878 cum
656 1833 805 1876 sonitu
830 1832 1025 1876 sublimis
1050 1833 1103 1876 ab
1127 1835 1219 1876 alto

171 1917 352 1960 Labitur
369 1916 484 1959 unda
501 1914 608 1972 iugo
629 1947 642 1967 ‚
666 1915 800 1958 celsas
821 1928 912 1972 quo
934 1928 1058 1957 more
1077 1928 1156 1970 per
1174 1915 1308 1970 Alpes

175 1998 361 2043 Αιιᾶἰοι·
376 1996 515 2039 imbre
532 1995 621 2039 ruit
638 1995 743 2038 saxa
757 1994 872 2037 inter
889 1994 1111 2051 inhospita
1130 2006 1300 2038 torrens
1319 2027 1334 2049 ‚

120 2102 122 2104 ·
178 2081 302 2122 Stant
327 2079 375 2121 in
394 2076 612 2134 praecipiti
635 2091 771 2120 naves
789 2109 803 2131 ‚
829 2090 934 2134 quas
954 2076 1096 2132 lapsus
1123 2087 1332 2133 aquarum

177 2159 452 2202 Multisonus
476 2156 622 2201 subito
643 2156 809 2214 quaffas
832 2158 1017 2200 horrore
1042 2169 1254 2201 moratur.

178 2238 391 2303 Abruptis
409 2250 558 2282 tamen
575 2239 691 2282 unde
707 2237 820 2281 locis
839 2237 924 2280 vix
943 2249 1044 2280 ante
1061 2239 1239 2293 capellae

182 2320 396 2365 Defiliere
415 2321 539 2364 leves
557 2352 572 2374 ‚
588 2308 777 2378 operum
802 2318 1035 2362 molimine
1059 2319 1204 2376 grandi
1224 2350 1239 2371 ‚

184 2401 355 2457 Perque
378 2399 502 2445 vices
522 2400 669 2445 varias
694 2400 834 2444 stratis
858 2398 1082 2457 aequaliter
1104 2399 1234 2442 undis
1254 2431 1268 2452 ‚

188 2481 436 2527 Descensus
458 2481 591 2527 habet
611 2480 717 2527 hinc
741 2480 890 2525 faciles
915 2479 1116 2525 oneraria
1138 2477 1284 2526 navis.
