1500 2886
511 269 817 326 LIBER
864 265 1006 348 ΙΙΙ.
1299 264 1389 344 73‘

206 369 267 412 At
292 370 323 412 fi
345 370 461 414 forte
486 372 608 414 malo
625 403 639 424 ‚
666 372 786 429 quod
808 370 859 415 vi
884 361 979 415 non
1002 359 1231 429 pr'aestitit',
1260 370 1352 412 astu
1388 380 1391 381 ’

145 449 309 493 Tentet
326 483 339 503 ‚
370 451 415 494 &
439 450 487 494 in
511 450 667 519 inediis
695 453 834 508 jaceat
856 452 1126 496 cerebrofior
1148 464 1264 510 agris
1283 466 1299 501 ·,

147 531 384 587 Suppofito
408 546 501 575 non
523 531 626 590 igne
650 533 763 575 latus
781 565 795 585 ‚
823 545 907 575 nec
932 544 1109 597 tex-gog
1135 531 1276 589 plagis

144 610 238 654 Ure
254 627 270 660 ·,
289 612 363 655 sed
378 611 644 655 indomitum
661 610 825 655 vinclis
845 611 1094 670 constringe
1109 611 1348 666 juvencum
1365 628 1381 662 ·,

145 692 211 735 Ut
229 706 310 736 nec
326 693 433 736 stare
452 704 584 751 queat
601 706 746 750 neque
764 692 886 736 vesci
905 709 918 737 z
939 707 1131 751 namque
1151 694 1322 750 periclo
1383 682 1389 690 ³

145 773 335 817 Cautior
354 773 450 832 ipse
473 774 553 818 suo
578 774 794 832 nusquam
819 773 922 817 dein
945 775 1104 831 sponte
1128 774 1291 830 jacebit

144 853 265 898 Inter
281 869 396 912 opus
415 888 430 909 ‚
452 854 678 899 stomacho
697 854 924 899 monitore
942 855 1144 913 fameque
1163 856 1381 914 magistra.

204 935 300 979 Hac
315 936 449 980 etiam
466 936 645 996 ignaros
662 949 849 994 operum
864 937 1016 980 domat
1031 948 1122 980 arte
1137 936 1355 980 Bubulcus
1368 953 1382 980 :

145 1017 390 1076 Coniungit
412 1031 500 1062 tres
527 1033 616 1062 una
637 1019 779 1062 boves
804 1019 858 1062 ad
883 1030 1024 1062 aratra
1049 1034 1062 1062 ι
1089 1019 1279 1062 duorum

145 1098 342 1142 Arbitrio
366 1100 536 1144 medius
557 1133 570 1154 ‚
601 1112 842 1144 veteranos
868 1100 983 1144 inter
998 1134 1010 1153 ‚
1045 1099 1253 1158 agrestem

147 1179 339 1223 Molitur
365 1181 539 1238 patiens
570 1195 753 1238 operam
774 1213 788 1234 ‚
814 1180 1050 1238 paucisque
1077 1182 1264 1224 docetur

143 1259 415 1308 ‚Verberibus
442 1261 576 1318 juffos
602 1264 722 1306 ultro
751 1263 903 1305 durare
931 1262 1120 1317 labores.

206 1342 275 1384 Ad
301 1341 401 1400 iuga
426 1357 536 1400 coge
562 1357 687 1400 pares
713 1342 840 1385 annis'
868 1342 911 1385 &
937 1343 1099 1386 robore
1122 1353 1272 1386 tauros
1293 1358 1308 1392 3

145 1421 328 1465 Viribus
351 1434 402 1466 ut
426 1422 565 1477 junffl
591 1423 760 1467 sulcent
786 1423 1022 1482 aequalibus
1046 1439 1167 1468 arva.
1369 1408 1376 1415 .

147 1502 344 1547 Conficit
367 1499 614 1547 invalidum
640 1504 801 1554 fortis3
830 1507 936 1558 vel,
964 1516 1015 1548 ut
1042 1504 1133 1562 ipsa
1158 1505 1348 1549 ferarum

143 1585 325 1643 Ingenia
348 1586 396 1628 in
419 1585 583 1629 vitium
606 1587 812 1630 labuntur
833 1600 973 1643 prona
990 1620 1003 1641 ‚
1031 1588 1255 1644 valentem

146 1667 282 1724 Cogit
307 1668 360 1709 ad
386 1665 573 1723 ignavos
602 1666 773 1724 pigrior
795 1666 1024 1711 deflectere
1051 1654 1217 1712 mores.

207 1746 424 1791 Sublimes
449 1759 499 1790 ut
525 1759 626 1791 eant
651 1747 885 1804 speciosius
911 1748 1027 1791 inter
1054 1751 1262 1792 arandum

147 1828 248 1870 Alta
277 1827 421 1871 fronte
449 1829 589 1872 boves
608 1861 621 1882 ‚
648 1842 791 1885 neque
816 1841 941 1873 tanto
969 1829 1151 1888 pinguia
1174 1830 1274 1872 nisu

147 1909 265 1951 Rura
291 1909 465 1961 secent,
495 1910 597 1952 loro
622 1908 906 1966 septemplice
929 1909 1081 1968 jungat
1104 1911 1296 1957 Arator3

147 1989 414 2047 Cet-vicique
441 1989 592 2047 jugum
611 2018 626 2037 ‚
658 2002 753 2032 non
782 1990 990 2033 cornibus
1020 1989 1162 2047 illiget
1183 2006 1194 2033 :
1215 1989 1313 2046 ipso

146 2070 251 2114 Plus
272 2070 437 2114 etenim
462 2071 582 2113 collo
607 2068 784 2126 pofl‘unt
810 2071 854 2113 ὅ(
878 2070 1057 2126 pe&ore
1080 2070 1194 2113 tauri

146 2150 292 2206 Quam
316 2150 458 2207 capite
485 2151 529 2194 &
553 2164 692 2194 cornu
718 2163 732 2193 ε
757 2163 857 2194 toto
885 2150 942 2193 fic
967 2152 1161 2208 pondere
1179 2183 1193 2205 ,
1220 2151 1324 2195 tota>
1361 2181 1366 2186 -

144 2231 272 2294 Mole
296 2231 492 2275 lacertofi
522 2231 721 2275 nituntur
748 2233 802 2275 ad
828 2231 984 2275 intima
1010 2245 1135 2275 terrae

145 2313 327 2356 Viscera
343 2345 357 2367 ‚
387 2327 468 2356 nec
492 2313 616 2357 tensa
641 2312 833 2371 graviter
856 2311 1028 2355 cervice
1053 2314 1269 2357 laborant.

145 2393 335 2437 Attritos
361 2406 508 2437 autem
532 2407 686 2437 manus
712 2392 907 2436 officiosa
932 2392 1113 2436 Bubulci
1133 2426 1146 2446 ,

148 2472 404 2534 Propellens
428 2474 532 2520 hinc
557 2474 659 2520 inde
683 2473 834 2535 jugum
852 2505 866 2530 ,
896 2473 1123 2533 refrigeret
1150 2488 1297 2518 armos
1316 2490 1335 2524 ς
