1482 2834
150 212 260 272 190
384 194 713 249 PRAEDII
756 185 1146 250 ‚RUST'lct

142 293 315 350 'Quaerit
346 293 460 351 agris
489 308 500 336 ε
529 307 690 336 vacuas
720 291 862 335 studio
891 287 1128 334 venatibus
1152 287 1288 332 horai

142 374 271 420 Fallit
297 390 312 424 ·,
338 375 383 417 &
407 372 582 417 infidias
609 374 739 417 turdo
765 371 950 416 ‘molitus
977 368 1100 413 edaci
1116 400 1132 422 ,

144 456 322 500 Gaudet
349 455 393 499 &
417 454 510 512 ipse
536 455 658 498 suam
683 453 842 496 menfis
868 463 1093 508 apponere
1117 447 1329 505 praedam.

206 537 272 580 Ut
299 535 425 592 iuvat
451 535 652 579 autumni
684 535 800 579 soles
829 533 894 577 ita
921 531 1113 576 condere
1138 543 1239 574 rure
1255 562 1271 584 ,
1307 561 1311 566 ν

146 617 414 675 Oppidaque
441 617 485 661 δι
509 630 654 660 vanos
679 613 830 658 'animo
857 624 1142 656 contemnere
1167 609 1332 665 fastusj

145 699 446 755 Naturamque
469 697 622 755 sequi,
646 710 741 740 non
766 683 928 740 famam
958 693 1002 737 δι
1028 691 1147 735 triste
1177 690 1327 738 decori

146 778 390 823 Servitium
406 811 419 831 ‚
448 779 569 836 quod
596 777 644 821 in
669 778 774 820 urbe
801 775 924 831 jubet
952 786 1132 818 tenuare
1156 772 1314 819 voraci

147 859 347 904 Divitias
374 861 485 903 luxu
500 890 515 913 ‚
539 857 664 902 turba
688 857 927 901 famulante
955 854 1159 913 fragosos

146 939 384 999 Angustare
410 942 524 983 lares
542 971 555 991 ‚
579 950 689 981 auro
716 938 884 995 fulgere
903 968 918 989 ‚
946 934 1137 992 suosque

149 1020 380 1066 Pascendis
404 1019 595 1063 aliorum
621 1016 763 1060 oculis
787 1017 1008 1060 absumere
1035 1014 1189 1058 census
1209 1016 1224 1060 Ξ

151 1103 288 1157 Quod
316 1100 419 1144 satis
445 1099 506 1144 est
531 1098 638 1143 vitae
666 1096 866 1155 poscenti
890 1100 1027 1153 pauca
1053 1094 1268 1139 ministrat

152 1183 290 1226 Terra
314 1181 462 1225 virfim
487 1179 640 1224 nutrix
665 1195 677 1223 ε
707 1187 800 1221 non
824 1176 1120 1235 pulmentaria
1137 1209 1152 1231 ,
1172 1191 1289 1221 raras

153 1264 262 1307 Non
278 1264 484 1306 volucres
501 1261 617 1318 frugi
634 1259 881 1303 stomachus
897 1280 911 1314 ς
937 1273 1031 1302 non
1049 1259 1156 1302 orbe
1174 1257 1365 1316 petitum

154 1343 225 1388 Ex
249 1342 343 1386 alio
367 1342 524 1385 vinum
552 1340 643 1383 fitis
672 1339 903 1384 ambitiosa
935 1339 1137 1405 requirit.
1480 1338 1482 1403 ᾗ

156 1426 244 1469 Sed
266 1423 384 1467 facili
407 1423 560 1466 servos
586 1422 666 1464 usu
682 1454 696 1474 ,
725 1421 798 1464 sed
820 1421 985 1478 frigore
1009 1419 1150 1464 vestes
1166 1449 1183 1473 ‚
1480 1415 1482 1496 1

153 1508 211 1551 Et
237 1505 453 1549 comitum
480 1505 586 1546 laeto
616 1502 752 1545 menfi
784 1501 1000 1545 convivia
1027 1513 1148 1545 coetu
1166 1533 1181 1554 ‚
1480 1519 1482 1553 ς

153 1588 264 1632 Non
286 1584 453 1642 pompa
477 1583 668 1639 fastuque
687 1609 702 1636 ,-
725 1581 806 1626 fibi
833 1581 1075 1625 constantia
1103 1594 1246 1638 parvo

148 1666 332 1713 'Gaudia
349 1678 505 1722 magna
523 1674 675 1722 parant
692 1677 707 1712 ·‚
726 1662 962 1719 secumque
979 1661 1171 1719 habitare
1190 1669 1393 1718 potentes
1408 1662 1434 1714 ὁ,
1480 1666 1482 1696 ἑ

152 1750 261 1793 Non
286 1746 428 1790 aliena
454 1744 560 1801 vagi
589 1742 849 1787 concursant
874 1742 1028 1785 limina
1043 1766 1059 1797 ς
1081 1754 1257 1798 tempus

151 1829 220 1874 'Ut
244 1826 448 1885 pluvium
465 1857 478 1878 ‚
505 1823 647 1866 nimio
671 1824 746 1866 vel
770 1821 963 1865 adustum
987 1823 1079 1866 sole
1105 1835 1332 1880 crepantes
1348 1852 1363 1876 ,
1478 1841 1482 1870 ι

153 1911 315 1955 Mutua
342 1909 386 1951 se
410 1920 557 1950 rerum
582 1918 727 1948 vacuo
755 1905 957 1947 sermone
981 1903 1181 1962 fatigent.

215 1993 323 2034 Non
347 2002 496 2033 tamen
520 1987 752 2030 obscurum
775 1985 959 2028 subeunt
983 1984 1143 2042 ignava
1162 1983 1371 2030 recefi‘um
1476 2014 1482 2059 ξ

155 2072 310 2118 Taedia
334 2087 348 2122 3
376 2071 450 2113 sed
477 2068 642 2112 solidos
669 2066 855 2124 operosa
881 2080 959 2122 per
985 2065 1079 2108 otia
1098 2066 1215 2108 soles
1479 2062 1482 2070 ⁴

158 2153 325 2198 Condit
349 2153 510 2195 Herus.
537 2151 704 2193 Fenum
726 2147 846 2202 jubet
872 2149 1122 2190 autumnale
1150 2146 1318 2202 secarij
1422 2131 1429 2134 ῃ

158 2237 214 2279 Et
241 2246 422 2292 purgata
445 2232 579 2275 novis
604 2228 779 2288 religari
803 2228 921 2272 dolia
945 2229 1125 2274 vinclis.

160 2316 298 2361 Τείὶει
324 2317 496 2372 fragore
517 2325 682 2357 tonant
705 2311 864 2354 resono
889 2326 903 2361 3
930 2325 1009 2354 nec
1037 2310 1187 2355 durius
1209 2322 1336 2356 aures

160 2398 424 2444 obtundunt
446 2395 616 2442 reducis
640 2391 887 2453 praenuntia
907 2406 1131 2439 murmura
1153 2389 1330 2437 Bacchi.
1476 2377 1482 2494 1

1477 2496 1482 2603 1

1479 2633 1482 2661 ι
