1482 2834
500 242 810 303 LIBER
868 233 952 303 X.
1108 294 1114 297 .
1224 232 1349 336 ²57¹„

96 337 165 389 Sit
188 345 426 404 tranquilla
450 346 543 392 dies
561 380 575 401 ,
602 349 845 406 sudumque
870 360 951 404 per
977 342 1077 389 aera
1099 349 1235 400 purus

15 451 18 453 Δ
99 428 179 471 Sol
205 440 276 473 eat
291 461 305 483 ,
333 430 378 474 δι
402 429 585 473 madidis
612 427 705 474 alio
731 431 878 473 Notus
901 429 1055 472 avolet
1082 425 1180 470 alis.
1218 435 1220 438 ’

166 510 364 554 Maturas
391 510 570 569 pluvius
596 509 703 568 quid
729 508 884 553 saeviat
911 506 1066 551 Auster
1091 505 1138 548 in
1163 514 1273 549 uvas

101 589 314 634 'Vidimus
334 591 422 634 beu
440 595 450 635 !
469 589 640 634 animis
651 590 839 633 necdum
855 590 986 632 dolor
1002 586 1168 632 excidit
1184 585 1338 644 aegrist

102 672 258 728 Nuper
281 672 402 716 enim
426 674 573 716 dulces
599 685 736 730 quum
758 670 847 725 jam
871 665 1235 725 matura‘ff‘apores

103 753 209 795 Uva
233 754 354 795 daret
381 767 396 801 3
422 751 552 810 nigro
576 751 821 795 concrescit
845 750 893 794 in
918 750 1016 794 aere
1043 739 1179 792 nubes
1196 781 1209 802 ,

0 869 2 886 ζ
50 895 58 901 ¹
105 833 219 886 Quae
239 831 413 889 trepido
430 865 445 886 ,
460 832 599 892 magis
619 843 751 890 atque
768 830 908 891 magis
926 829 1100 878 densata
1113 862 1125 883 ,
1153 818 1360 872 colonos¹

103 911 339 956 Exanimat
362 925 531 956 terrore
556 929 568 958 ε
595 913 690 956 finu
713 913 820 971 quid
844 913 1033 958 devehat
1057 924 1153 955 atro

105 993 263 1038 Nescia
286 994 409 1050 plebs
425 1025 439 1047 ,
458 995 637 1038 Coelum
661 993 829 1052 gemitu
845 1026 859 1046 ,
884 1006 1106 1050 raucoque
1132 990 1285 1050 fatigat

31 1082 39 1086 “
107 1074 214 1120 AEre
237 1090 251 1124 ;
277 1074 351 1118 sed
376 1075 585 1118 obscuros
610 1089 704 1118 non
733 1084 818 1117 aera
843 1073 1043 1117 sonantia
1066 1073 1241 1116 nimbos
1257 1106 1270 1125 ,

106 1158 215 1199 Non
235 1155 423 1214 gemitus
439 1186 452 1208 ‚
472 1169 567 1198 non
582 1167 692 1199 vota
709 1155 861 1213 fugant
880 1171 892 1198 z
913 1154 1018 1198 furit
1039 1153 1216 1197 horrida
1236 1150 1402 1203 nimbis

109 1235 365 1292 Tempestas
393 1250 406 1280 ε
432 1235 603 1279 tonitru
626 1243 804 1279 montes
824 1233 1082 1292 quatiuntur
1107 1246 1121 1283 3
1148 1235 1191 1278 δε
1215 1235 1290 1279 aet

110 1318 218 1360 Non
244 1315 493 1360 intermistis
519 1316 653 1360 micat
675 1316 850 1374 ignibus
873 1332 886 1359 ε
917 1315 1070 1358 omnia
1094 1315 1248 1372 paffim

110 1398 331 1443 Imbribus
350 1411 456 1441 arva
478 1408 631 1440 natant
649 1411 664 1447 3
680 1409 762 1440 nec
784 1395 877 1440 dira
901 1388 1123 1450 tonitrua,
1142 1396 1248 1440 coeli

113 1479 307 1523 Turbida
330 1492 412 1523 nec
435 1477 597 1531 facies,
623 1491 767 1535 neque
792 1476 991 1534 plaustris
1012 1476 1136 1520 invia
1161 1479 1292 1522 tellus

115 1562 310 1605 Venales
335 1573 516 1604 tenuere
540 1559 726 1614 animas.
755 1557 1030 1603 pluvialibus
1054 1571 1156 1603 uvae

118 1643 237 1687 Pene
262 1653 412 1698 putres
436 1641 678 1685 miscentur
703 1641 831 1700 aquis
852 1656 867 1690 ;
894 1651 1147 1700 magnoque
1170 1633 1355 1706 labore',

118 1724 206 1768 Sed
230 1722 355 1765 tenui
380 1721 542 1780 legitur
564 1721 744 1765 sordens
768 1721 993 1766 vindemia
1019 1721 1189 1778 questu.

181 1795 336 1853 Tristis
361 1814 454 1845 erat
476 1801 589 1845 vino
611 1800 745 1845 facies
763 1834 777 1855 ‚
803 1801 998 1863 ingratus
1023 1801 1072 1845 in
1096 1815 1177 1848 ore

121 1884 392 1929 Tentantum
417 1882 569 1941 sapor,
596 1882 640 1926 δε
663 1881 784 1926 vires
809 1882 859 1926 in
881 1883 1061 1940 pectore
1085 1887 1235 1936 nullae.

124 1966 172 2010 Si
199 1965 299 2023 quis
324 1963 459 2014 inest.
478 1966 600 2008 lento
624 1963 798 2008 elicitur
821 1977 937 2007 nunc
962 1965 1140 2021 spiritus
1162 1967 1292 2024 igne·,

125 2048 348 2091 stillatum
374 2045 447 2089 sed
472 2046 515 2089 &
537 2045 629 2104 ipse
651 2059 797 2103 vapor
822 2047 1022 2090 densatus
1046 2046 1095 2091 in
1118 2048 1299 2091 imbrem
1319 2079 1334 2103 ‚

123 2126 427 2187 frigentisque
451 2125 593 2170 fluens
616 2126 787 2171 finuosa
813 2141 892 2184 per
917 2141 996 2171 ora
1019 2127 1176 2172 lebetis
1193 2160 1206 2182 ‚

127 2208 261 2267 Signa
286 2207 372 2252 luis
395 2205 618 2250 manifesta
643 2206 776 2251 refert
800 2222 812 2250 ε
840 2221 941 2250 nam
966 2221 1048 2252 nec
1072 2208 1184 2265 sapit
1208 2209 1279 2253 ori

128 2290 225 2332 Nec
254 2288 477 2331 stomacho
502 2287 642 2340 calet,
673 2288 878 2331 admotos
905 2300 988 2332 nec
1016 2288 1196 2345 suscipit
1219 2290 1361 2349 ignes.

193 2372 260 2412 Ne
282 2380 514 2425 properate
534 2379 683 2412 tamen
706 2367 826 2412 dubii
850 2368 1088 2414 formidine
1106 2372 1237 2414 coeli:

127 2455 186 2500 Et
211 2464 298 2495 vos
322 2449 371 2495 in
386 2450 603 2507 populum
626 2448 787 2511 quibus
811 2447 873 2497 est
894 2448 1097 2509 permifl‘a
1113 2450 1302 2508 potestas
1318 2483 1333 2506 ,

1086 2531 1129 2576 R
