1500 2886
530 222 828 281 LIBER
899 224 967 280 V.
1091 224 1100 277 ’.
1255 236 1359 296 123

184 325 344 378 ’unior
366 325 512 370 effufis
536 341 675 384 quum
698 324 801 370 dein
826 324 1051 370 arbuscula
1071 322 1206 367 ramis

122 405 364 452 Lasciviret
386 422 491 467 agro
509 441 522 460 ,
549 408 775 451 nascentes
799 407 956 450 fronde
981 408 1175 449 levarem

122 489 240 531 Ante
267 491 368 547 gelu
391 503 575 546 quercus
596 503 610 538 ;
637 487 682 531 &
700 485 872 531 semine
898 499 1036 542 pauca
1065 482 1319 540 relinquens

122 567 334 614 Emerem
363 571 479 613 male
506 580 607 612 nata
625 601 637 621 ‚
666 578 818 625 tegens
840 569 941 611 loca
964 568 1081 610 nuda
1109 564 1275 608 coaevis

121 648 301 694 Ilicibus
316 683 330 703 ,
356 663 540 706 procera
562 636 686 705 prius
716 648 847 706 quam
865 648 983 692 ‘silva
1009 658 1238 691 comantes

122 731 269 775 Altius
294 732 441 775 aereas
470 743 654 775 truncos
682 730 858 774 efferret
882 730 930 773 in
954 743 1095 773 auras.

120 812 236 854 Nam
253 811 461 855 proceres
477 823 528 855 ut
541 811 590 855 in
603 813 710 856 urbe
722 846 735 863 ‚
755 823 910 855 tenent
925 810 1003 868 qui
1021 806 1212 854 culmina
1226 819 1370 850 rerum
1386 837 1400 860 ,

121 889 372 935 Obscuram
393 891 695 950 humilemque
716 903 870 936 vetant
894 890 1109 949 affurgere
1133 889 1334 946 plebem:

119 972 196 1016 Sic
220 987 447 1030 nunquam
474 973 519 1016 se
544 988 688 1030 parva*
707 973 846 1031 nigris
869 972 918 1016 in
946 972 1126 1016 saltibus
1149 971 1278 1014 arbor

120 1052 264 1096 Tollit
287 1054 426 1096 humo
455 1055 637 1111 grandes
662 1053 779 1097 inter
797 1086 811 1108 ‚
835 1069 934 1111 quae
961 1053 1137 1097 vertice·
1158 1051 1276 1095 celso

118 1134 243 1177 Astra
257 1147 436 1191 petunt,
453 1134 694 1192 umbraque
709 1147 916 1191 premunt
931 1133 1138 1193 graviore
1154 1131 1367 1177 minores.

121 1216 190 1259 Ac
218 1217 395 1259 demum
422 1214 559 1271 spinis
585 1214 674 1258 ima
698 1215 751 1258 de
775 1213 907 1270 stirpe
933 1214 1076 1259 recifis
1094 1241 1109 1263 2

120 1296 414 1340 Horridulum
442 1310 627 1353 purgare
652 1310 807 1339 nemus
833 1296 1085 1353 plantasque
1111 1297 1294 1340 tenellas

120 1377 391 1434 Aggrederer
416 1378 606 1421 formare
623 1410 636 1430 ‚
662 1391 813 1421 comas
836 1377 881 1423 δι
904 1376 1079 1420 brachia
1100 1376 1222 1421 ferro

120 1455 350 1511 Dejiciens
368 1490 381 1510 ‚
408 1457 557 1515 primo
582 1459 707 1501 labor
731 1469 1010 1516 opportunus
1037 1457 1087 1502 in
1113 1471 1239 1501 aevo:

118 1537 322 1594 Quercus
347 1538 469 1581 enim
494 1552 573 1594 per
597 1538 642 1581 se
667 1553 816 1582 ramos
843 1537 932 1594 iam
957 1539 1164 1597 grandior
1189 1537 1306 1582 imos

117 1617 254 1661 Exuit
280 1617 328 1660 in
354 1617 476 1660 silvis
503 1633 518 1667 ·,
547 1618 591 1660 δι
617 1633 713 1675 quae
738 1618 928 1676 spatiosa
954 1632 1034 1675 per
1059 1632 1187 1676 agros

119 1697 338 1743 Funditur
353 1730 366 1751 ‚
384 1698 610 1756 ingentem
629 1698 754 1756 paffis
772 1700 878 1744 daus
897 1699 1124 1743 frondibus
1143 1700 1338 1744 umbram
1351 1733 1365 1754 ,

122 1778 364 1822 Arboribus
396 1778 563 1823 circum
592 1780 883 1825 crescentibus
904 1813 916 1832 ‚
943 1783 1099 1824 aemula
1128 1784 1247 1825 coelo

121 1859 224 1904 Fert
247 1859 433 1906 sublime
457 1872 617 1917 caput,
638 1861 868 1919 solemque
892 1860 1063 1905 affectat
1087 1863 1304 1908 amicum:

123 1940 224 1983 Huc
248 1953 363 1985 totas
389 1941 616 1998 profundit
643 1955 751 1999 opes
768 1975 782 1997 ‚
807 1957 887 1986 nec
915 1955 1038 1986 curat
1062 1943 1227 1987 alendis

122 2020 297 2066 ‘Vitales
323 2034 448 2067 terrae
472 2023 628 2068 succos
653 2023 909 2081 impendere
935 2024 1085 2068 ramis.

147 2106 150 2108 ’
186 2102 235 2145 Si
262 2103 406 2158 placet
435 2103 661 2148 arboribus
691 2104 862 2160 primos
891 2118 1047 2148 ornare
1076 2106 1312 2150 domorum

122 2184 339 2228 Introitus
366 2198 382 2233 3
413 2184 580 2241 triplici
607 2188 787 2229 tendant
812 2186 1064 2230 umbracula
1089 2172 1222 2232 versu

125 2264 285 2309 Ulmus
314 2278 450 2322 opaca
466 2297 479 2318 ‚
506 2267 629 2309 leves
653 2266 760 2309 tiliae
777 2299 791 2318 ‚
821 2267 895 2309 vel
922 2267 1050 2311 tonsa
1074 2267 1293 2324 cupi-effus

127 2346 313 2390 Parietis
340 2347 387 2390 iu
411 2361 581 2392 morem
598 2380 612 2401 ‚
631 2349 706 2391 vel
732 2347 933 2405 carpinus
958 2347 1023 2392 ire
1050 2363 1127 2405 per
1151 2364 1307 2393 omnes

127 2426 406 2487 obsequiosa
431 2430 591 2478 modos
608 2462 622 2489 ‚
643 2430 871 2492 hortisque
895 2429 1141 2481 virentibus
1158 2432 1326 2477 *addens
