1482 2834
2 232 8 237 ¹
66 221 188 282 '2622
307 222 646 296 PRAEDII
691 219 1068 280 Rus-,rtet

65 321 184 372 'Vasa
201 356 214 376 ,
239 324 507 368 racemiferis
534 325 578 368 &
602 323 835 368 calcatoria
859 320 1060 379 plaustris

65 404 218 447 Obvia
246 405 501 450 constitues.
528 405 644 448 Uvis
671 404 806 463 iligna
833 401 1087 460 premendis

66 485 226 542 Surgat
251 484 476 543 utrimque
502 487 630 529 arbos
655 486 703 528 in
728 485 890 541 spiram
909 496 1051 535 torta,
1078 490 1312 539 gematque

66 565 320 610 Transverfi
346 567 499 610 valido
529 566 677 610 nitens
705 565 782 608 sub
808 565 1006 622 pondere
1030 561 1161 619 preli.

69 646 295 691 Grandior
321 648 508 705 accipiat
534 649 725 692 calcatos
750 635 863 703 cupa
888 658 1086 688 racemos
1104 675 1120 699 ,

67 729 124 771 Et
147 743 228 786 per
252 728 501 773 multifores
527 726 749 773 manantia
770 725 878 770 vina
901 726 1073 769 canales

69 813 123 855 In
147 826 309 856 vacuas
334 810 471 869 opera
494 809 614 854 facili
641 809 828 853 defunde
854 807 1018 852 diotas.
1086 852 1089 855 ,

133 894 308 937 Horrea
335 893 412 936 sub
437 891 567 936 terris
590 893 777 942 lateant,
810 888 900 947 quo
926 887 1064 932 Sirius
1086 889 1214 933 ardor
1228 895 1246 942 ‚'

70 975 257 1020 Insaniae
283 973 376 1032 quo
399 973 472 1018 vis
497 972 667 1025 hiems,
696 969 891 1027 coelique
916 970 1130 1013 tumultus

71 1058 178 1100 Non
198 1065 460 1113 penetrent:
481 1067 584 1097 nam
602 1051 634 1094 fi
651 1049 823 1094 tonitru
839 1048 1043 1093 concuffa
1058 1047 1316 1093 tremiscunt

71 1138 212 1182 Dolia
228 1167 240 1187 ,
269 1138 510 1194 pallentem
535 1133 728 1177 Bacchus
758 1130 996 1175 formidine
1022 1131 1198 1174 vultum

75 1219 233 1262 Induet
249 1250 262 1270 ‚
290 1218 334 1260 δε
357 1215 479 1260 nulla
505 1216 632 1259 color
656 1211 957 1258 emendabitur
979 1222 1089 1256 arte.

140 1299 200 1341 At
226 1311 370 1355 neque
395 1294 634 1340 fulmineos
659 1305 880 1338 tormenta
900 1292 1071 1337 imitata
1095 1293 1291 1352 fragores

79 1379 426 1435 Imperturbatus
451 1376 574 1420 cellis
599 1376 784 1419 Lenaeus
810 1375 862 1418 ab
886 1373 988 1417 altis
1076 1354 1079 1358 Ι

79 1459 243 1504 Audiet
258 1492 271 1513 ‚
297 1469 452 1502 emoto
478 1470 622 1514 neque
647 1454 833 1513 plaustra
855 1452 1056 1500 sonantia
1081 1452 1216 1497 vico:

78 1540 208 1585 Illius
237 1541 281 1584 δε
305 1540 426 1583 vires
450 1539 620 1596 franget
646 1549 793 1580 novus
817 1534 977 1592 hospes
1003 1535 1056 1578 ab
1085 1534 1219 1577 ulmis

78 1621 364 1665 Descendens
387 1652 400 1674 ,
425 1631 615 1676 aevoque
641 1617 770 1660 ferox
787 1648 800 1670 ‚
827 1602 904 1673 qui
929 1617 1153 1671 murmure
1179 1628 1296 1658 caeco

80 1702 316 1759 Perstrepit
334 1734 347 1755 ‚
372 1699 613 1758 impatiens
638 1697 802 1742 vinclis
828 1696 1039 1754 aretoque
1063 1694 1206 1739 teneri

81 1786 268 1829 Carcere
293 1799 305 1827 t
332 1783 530 1827 fumosus
553 1781 711 1838 spurco
733 1793 878 1837 yapor
902 1777 1000 1822 exit
1024 1779 1077 1821 ab
1108 1791 1219 1827 ore;

84 1867 336 1922 Spumaque
363 1864 574 1906 roboreas
599 1858 866 1904 circumfluit
889 1859 1028 1903 albida
1051 1859 1207 1904 costas.

82 1947 217 1990 Hunc
242 1945 340 1988 aliis
366 1945 531 2001 sepone
557 1941 671 1986 locis
690 1969 703 1991 ,
734 1941 838 1984 dum
866 1938 1116 1997 concoquat
1141 1939 1282 1993 iram3

84 2028 140 2070 Et
163 2027 310 2084 pofito
336 2026 506 2070 clausus
534 2023 669 2068 discat
693 2021 967 2079 requiescere
992 2033 1139 2066 metu.

146 2109 322 2152 Horrea
339 2106 422 2150 fint
438 2105 605 2148 stabulo
630 2104 786 2161 procul
805 2103 850 2146 &
871 2102 1150 2159 torpentibus
1173 2100 1332 2151 undis·,

84 2190 182 2233 Nec
209 2188 351 2245 putris
378 2199 590 2238 arvernos
615 2197 755 2241 prope
781 2183 928 2226 caseus
955 2181 1073 2225 afflet
1097 2183 1288 2226 odores:

86 2272 215 2314 Neve
243 2271 374 2313 cados
399 2269 599 2325 suppone
627 2263 743 2309 cadis
767 2279 779 2307 ι
809 2263 1037 2306 admittere
1063 2262 1226 2319 poffint

85 2351 324 2394 Intervalla
349 2362 530 2392 manum
549 2381 562 2402 ,
589 2345 743 2391 subitis
771 2359 867 2401 quae
898 2343 1060 2387 casibus
1088 2344 1192 2386 adsit
1208 2376 1223 2398 ,
1292 2327 1299 2333 ”

87 2433 253 2476 luserat
275 2443 324 2474 ut
349 2429 473 2473 rimis
502 2428 698 2485 stupam-3
724 2439 858 2483 quum
882 2426 1012 2480 plena
1037 2424 1176 2481 Lyaeo

87 2512 226 2557 Dolia
246 2497 391 2557 lanata
416 2512 602 2554 laterum
626 2519 838 2565 compage
863 2504 1105 2549 dehiscunt.
