1500 2886
518 264 814 325 LIBER
858 267 953 324 ΙΙ.
1078 272 1084 277 ’
1279 265 1351 345 65

119 369 226 414 Non
252 380 302 413 ut
333 382 484 414 amans
501 401 517 423 ,
544 369 654 413 vitae
678 368 855 428 genitor
878 367 924 412 se
952 352 1265 411 tradatinerti.

120 452 258 496 Filius
286 451 506 508 exemplis
534 453 774 508 opulentus
802 451 847 494 &
872 460 965 493 arte
992 447 1175 506 paterna
1194 478 1207 499 ‚

118 532 252 575 Ruris
277 532 325 575 in
350 531 588 588 imperium
613 530 841 579 succedit;
876 530 1083 574 &ubere
1110 529 1240 572 tellus

117 612 262 656 Meffe
276 614 398 656 ferax
411 645 424 666 ,
442 611 694 655 Dominum
715 624 809 654 non
829 609 964 653 sentit
982 592 1123 661 ab‘efi'e
1142 610 1358 666 priorem.

183 694 407 738 Grandior
436 693 481 735 &
505 691 651 748 plenis
676 690 764 745 iam
792 690 886 734 filia
914 690 1078 734 nubilis
1104 690 1230 734 annis

108 775 307 819 ,Exercet
327 772 494 829 rigidos
519 770 607 814 una
635 782 899 825 cumamatre
923 772 1095 814 labores
1114 787 1130 821 ·,

119 857 214 906 Nec
229 855 363 910 pudet
382 854 427 896 δι
442 853 600 896 rastros
618 885 632 906 ,
651 854 897 909 durumque
915 864 1101 896 'movere
1119 852 1360 899 bidentem.

42 963 58 969 --
84 975 93 986 ,
121 934 342 991 Purpurea
360 948 455 978 non
471 933 592 978 veste
612 933 725 978 nitet
741 965 756 988 ‚
791 948 886 977 non
907 933 1100 978 crinibus
1122 935 1282 991 emptis
1302 967 1318 988 ,

121 1018 218 1059 Nec
241 1016 350 1058 raris
376 1017 567 1059 Arabum
596 1015 728 1060 donis
745 1049 758 1070 ‚
788 1026 864 1060 aut
892 1015 1034 1060 divite
1059 1017 1211 1066 cultu·,

122 1096 444 1153 Foemineoque
468 1096 574 1140 licet
601 1096 745 1140 studio
773 1097 972 1140 formosa
1002 1096 1149 1142 videri

123 1178 243 1220 Rure
268 1178 382 1220 velit
400 1210 413 1230 ‚
438 1178 600 1222 faciem
626 1179 747 1223 nulla
773 1178 898 1232 juvat
921 1189 1044 1229 arte;
1071 1179 1252 1236 suasque

124 1258 251 1300 Prata
276 1258 346 1301 die
369 1258 478 1307 festo
502 1260 669 1317 quaerit‘
688 1274 768 1317 per
792 1259 931 1303 florea
955 1274 1149 1316 gemmas
1170 1294 1184 1313 ‚

122 1341 191 1381 Ad
216 1339 411 1383 vitreum
438 1339 582 1384 crines
608 1354 776 1384 ornans
803 1341 847 1384 δε
871 1328 1075 1397 tempora
1100 1340 1265 1385 rivum.
1330 1378 1341 1387 r

122 1419 389 1476 Simplicitas
414 1420 549 1477 capiti
574 1434 658 1477 pto
685 1420 882 1464 turribus
909 1421 1065 1464 infidet
1082 1455 1096 1475 ‚
1123 1423 1195 1466 ori

123 1499 209 1565 Pro
233 1501 338 1543 fuco
362 1501 505 1556 pudor
529 1500 781 1558 ingenuus3
814 1501 1044 1559 sociasque
1067 1503 1236 1547 laborat

122 1580 316 1624 Vincere
332 1613 346 1634 ,
375 1595 470 1624 non
491 1581 636 1624 forma
652 1613 666 1634 ‚
697 1581 772 1626 sed
793 1583 954 1626 robore
979 1583 1182 1640 corporis
1205 1600 1216 1628 ε
1238 1583 1314 1628 illa

108 1662 342 1723 ‚Quaeritat
358 1694 373 1715 ‚
403 1663 449 1705 δι
472 1662 609 1706 ditem
636 1662 802 1720 repetit
827 1662 906 1706 fibi
933 1665 1037 1708 dote
1062 1647 1285 1709 mariturn.

184 1743 343 1786 Dulcis
361 1742 483 1787 enim
499 1757 638 1800 quum
664 1742 755 1798 jam
773 1742 943 1800 primos
963 1745 1234 1803 Hymenaeus
1255 1759 1426 1798 amores

125 1823 344 1868 Sollicitat
360 1856 375 1876 ,
403 1822 645 1880 vincloque
671 1834 794 1880 parat
818 1823 984 1868 sociare
1010 1824 1180 1884 jugali;

126 1907 279 1961 Quum
302 1919 464 1963 procus
491 1905 689 1962 innuptae
706 1937 720 1958 ‚
747 1918 974 1963 pueroque
1000 1909 1149 1963 puella
1174 1907 1360 1952 viciffim

126 1987 209 2031 Par
232 1999 358 2031 aetate
381 1989 527 2044 placet
545 2001 560 2036 3
590 1998 767 2043 captent
794 1997 845 2030 ut
870 1999 1075 2044 tempora
1099 1988 1220 2032 fandi

126 2069 394 2126 Opportuna
410 2101 424 2122 ‚
452 2067 682 2126 leguntin
707 2068 859 2111 eadem
883 2066 979 2110 vite
1003 2082 1205 2111 racemos
1227 2101 1239 2121 ,

123 2149 443 2206 flaventesque
465 2149 613 2201 secant
637 2162 730 2192 uno
757 2148 884 2191 fimul
909 2162 1089 2206 aequore
1115 2148 1285 2193 meffes.

122 2212 385 2289 Aggredimr
401 2228 571 2285 primos
588 2261 602 2282 ‚
629 2243 816 2286 operum
833 2230 924 2272 dux
939 2229 1124 2273 foemina
1141 2262 1154 2284 ‚
1181 2230 1323 2275 sulcos
1341 2248 1354 2281 ·,

122 2314 267 2368 Atque
294 2324 433 2368 proco
454 2310 666 2368 placitura
688 2312 769 2355 suo
789 2343 802 2364 ,
832 2310 1058 2367 praecurrit
1082 2311 1265 2355 anhelos

123 2393 351 2450 Agricolas
374 2407 387 2435 ε
411 2390 532 2439 illam
558 2391 695 2436 tacitav
713 2392 940 2436 dulcedine
963 2394 1089 2436 laetus

121 2473 294 2531 Spectat
309 2485 459 2518 amans
475 2504 490 2527 ,
509 2474 753 2532 gaudetque
770 2472 892 2531 sequi
907 2486 1000 2517 non
1015 2471 1138 2530 poss‘e
1155 2485 1410 2529 metentem.

1083 2553 1116 2594 E
1137 2576 1140 2580 4
