1500 2834
122 255 234 313 130
315 235 680 290 PRAEDII
723 234 1150 289 Rvsrtct

115 337 318 379 Circulus
347 334 396 378 in
419 334 577 379 faciem
603 333 770 378 truncis
799 332 1051 376 inscribitur
1067 364 1082 385 ‚
1110 330 1288 376 Austros

114 415 301 460 Craffior
327 417 382 460 ad
404 415 580 473 tepidos
594 448 607 470 ,
630 416 909 475 gelidamque
937 411 1069 456 exilis
1094 404 1147 454 ad
1167 410 1348 457 Arcton.

111 495 210 539 Hac
236 495 409 541 ratione
432 498 583 555 plagas
608 496 713 541 coeli
742 498 877 554 (cum
900 495 1018 538 forte
1046 506 1126 550 per
1156 493 1274 537 altos
1320 515 1333 524 -

101 576 288 641 Pevius
311 577 459 621 errasti
485 578 652 634 saltus)
677 578 721 621 &
746 576 832 634 qua
857 576 908 619 fit
933 576 1128 619 eundum

112 657 323 702 Invenies
340 691 353 713 ,
379 661 516 716 plano
542 673 711 703 ramum
737 658 771 702 fi
799 657 987 701 demeris
1017 656 1139 701 istu:

111 736 272 794 Aspice
298 738 384 796 qua
411 752 568 784 cortex
594 739 782 797 propior
808 739 859 782 fit
886 751 1010 796 parte
1038 739 1264 787 medullae3

109 817 310 877 Frigidus
333 820 438 865 hinc
463 821 605 865 oritur
628 823 792 865 Boreas
819 837 831 865 ε
863 819 1108 864 contrarius
1134 817 1288 862 Auster

111 899 145 941 E
175 900 357 957 regione
381 901 524 945 venit.
551 902 599 945 Si
624 914 747 960 terga
772 900 1018 945 obverteris
1047 898 1151 951 axi,

112 980 314 1024 Occiduo
339 981 420 1024 tibi
444 983 598 1025 dexter
623 982 706 1024 erit
733 981 844 1024 flans
872 984 1040 1024 Caurus
1067 981 1119 1023 ab
1149 980 1287 1028 orbe·,

78 1120 81 1123 ἱ
109 1061 269 1104 Laevus
297 1062 349 1104 ab
378 1060 476 1104 eois
500 1062 641 1103 Eurus
660 1094 674 1114 ‚
705 1060 782 1117 qui
807 1060 1000 1103 nascitur
1030 1059 1138 1102 oris.

170 1141 193 1185 J
198 1140 330 1183 unior
355 1140 403 1183 in
431 1124 609 1185 frondea
638 1141 670 1183 fi
696 1141 740 1184 se
765 1139 1011 1199 profuderit
1038 1141 1167 1183 arbor
1185 1171 1201 1193 ,

108 1223 293 1267 Radices
321 1223 458 1267 oblita
485 1223 583 1266 suas
611 1221 801 1282 defigere
826 1222 954 1266 terris
972 1255 986 1275 ‚
1238 1272 1241 1276 ¹

108 1305 237 1347 Falce
254 1303 397 1347 recide
417 1317 566 1347 comas
585 1319 601 1353 ·,
626 1315 676 1346 ut
693 1302 870 1359 stirpem
889 1303 1042 1346 succus
1061 1303 1115 1346 ad
1131 1302 1266 1346 imam

108 1383 289 1428 Defluat
306 1415 320 1438 ,
345 1385 389 1427 δι
414 1383 562 1440 primo
590 1394 794 1427 truncum
819 1382 1056 1426 confirmet
1087 1382 1136 1425 in
1164 1397 1286 1428 aev00

109 1466 349 1523 Frugiferis
378 1465 436 1508 fic
460 1465 581 1509 Vere
611 1478 764 1523 greges
792 1463 1073 1506 immittimus
1102 1463 1220 1507 arvis
1237 1478 1254 1512 ·,

108 1548 174 1590 Ut
200 1547 322 1605 seges
349 1545 532 1604 affurgat
556 1543 687 1589 tonsa
714 1529 966 1602 generofior
987 1541 1119 1586 herba
1135 1575 1150 1596 ‚

106 1630 202 1675 Nec
223 1629 393 1673 culmus
424 1627 613 1685 gravidae
639 1626 861 1682 quondam
886 1624 1135 1667 succumbat
1159 1621 1314 1668 aristae.

168 1710 383 1768 Pinguior
405 1707 431 1753 ὲ
450 1707 593 1752 media
615 1720 754 1764 quum
772 1704 943 1762 prosilit
963 1705 1117 1747 arbore
1137 1700 1282 1747 ramus
1297 1735 1316 1757 ,

103 1791 269 1835 Dulcia
292 1788 550 1846 praeripiens
574 1786 757 1843 reliquis
783 1785 994 1828 alimenta
1011 1817 1024 1838 ‚
1050 1784 1253 1840 fameque

104 1870 363 1916 conficiens
390 1885 406 1919 ·,
430 1868 549 1912 ferro
575 1869 708 1911 tolles
729 1895 742 1916 ,
769 1867 1031 1924 succumque
1058 1865 1238 1909 docebis

98 1951 358 2007 VPermutare
381 1948 479 1994 vias
506 1949 551 1991 δί
578 1948 625 1990 in
653 1962 809 1991 omnes
834 1947 1031 2004 partibus
1062 1945 1201 2002 aequis

103 2033 173 2076 Ire
199 2044 348 2075 comas
367 2061 382 2083 ,
412 2028 551 2087 virgae
581 2027 714 2071 nimis
741 2026 966 2084 indulgere
992 2039 1073 2069 nec
1105 2026 1200 2070 uni.

164 2113 310 2169 Atque
329 2109 499 2153 utinam
515 2122 662 2152 novus
677 2121 703 2150 e
717 2109 887 2163 populo
909 2120 1044 2163 quum
1060 2105 1174 2149 civis
1191 2106 1246 2149 ad
1258 2106 1423 2162 amplas

103 2191 177 2235 Sic
195 2190 381 2247 emergit
400 2204 510 2246 opes
527 2222 542 2244 ,
559 2188 755 2246 specians
777 2188 829 2230 ad
847 2187 1024 2242 publica
1043 2186 1169 2244 vulgi

103 2272 354 2316 Commoda
369 2271 468 2313 Rex
481 2303 493 2323 ,
520 2281 690 2327 premat
705 2267 904 2311 indecori
921 2269 1040 2324 quod
1056 2267 1105 2310 in
1121 2268 1219 2311 aera
1234 2268 1340 2312 fastu

101 2351 248 2394 Altius
275 2349 460 2408 erigitur
484 2363 615 2406 caput
644 2365 658 2399 ·,
684 2350 728 2392 &
754 2361 861 2406 quas
884 2348 1095 2391 subtrahit
1124 2363 1239 2391 unus

99 2430 299 2478 Divitias
322 2430 448 2490 regni
463 2461 478 2486 ,
507 2430 725 2489 populum
745 2427 957 2473 diffundat
982 2427 1031 2472 in
1060 2442 1239 2473 omnem
1257 2444 1274 2478 ς
