1482 2834
86 159 208 238 '528
338 157 675 222 'PRAEDII
715 165 1076 222 Rvsrtct

91 264 187 306 Nec
207 274 373 307 terrore
393 264 469 307 fibi
487 297 499 317 ‚
521 264 611 308 fido
635 265 710 308 sed
735 280 882 309 amore
909 265 1078 309 sodales

94 341 317 396 subjectas
343 344 498 387 habeat
526 361 537 389 :
563 346 659 401 spes
686 346 729 388 ὃ(
752 347 928 389 fortuna
953 346 1163 402 penatuni

92 422 219 466 Illius
243 437 301 466 ex
322 424 419 467 vita
443 427 634 482 pendent
659 442 670 469 :
698 440 831 481 opera
856 426 1004 468 omnia
1026 423 1187 468 cessant

95 503 266 560 Regina
290 507 524 563 languente
553 522 565 549 ι
592 507 744 549 dolens
769 507 890 563 plebs
916 505 1062 550 affidet
1084 509 1246 563 aegrae3

95 584 151 626 Et
176 584 208 626 fi
233 584 320 628 fata
347 585 491 628 ferunt
515 598 563 628 ut
588 587 745 630 morbo
769 586 969 630 concidat
992 602 1007 636 ;
1034 600 1128 630 uno

95 665 319 723 Exequias
342 666 462 710 lustu
488 668 693 710 decorant
709 700 722 721 ‚
747 663 838 710 nec'
852 668 1003 710 funera
1028 668 1192 710 ducunt
1206 680 1222 710 t

97 747 363 790 Exanimum
386 747 501 790 circa
528 761 688 804 corpus
715 749 1014 806 glomerantur
1038 746 1087 789 in
1111 747 1296 795 orbem·,

98 828 155 870 Et
178 826 318 871 tristes
340 829 524 884 querulo
551 827 739 885 gemitus
763 829 864 871 dant
887 841 1108 871 murmure
1122 859 1137 880 ‚
1161 828 1306 870 donec

98 908 192 951 Has
211 923 389 967 quoque
406 911 480 953 vel
501 911 628 952 tollat
643 923 812 952 moeror
829 941 842 962 ,
870 909 1103 952 causamve
1123 910 1331 952 dolorum

101 990 282 1034 Auferat
305 1005 364 1034 ex
388 990 529 1034 oculis
558 1005 710 1034 manus
735 990 928 1034 officiosa
951 992 1148 1034 cadaver.

82 1063 274 1113 ⁴Ultima
297 1070 478 1128 Reginae
503 1070 599 1127 post
622 1072 706 1114 fata
725 1104 737 1124 ,
759 1070 993 1125 juvencula
1018 1061 1231 1127 Princeps

103 1152 263 1195 Matris
288 1151 336 1195 in
361 1151 599 1209 imperium
625 1151 813 1195 succedit
834 1154 934 1195 laeta
960 1167 974 1201 ;
999 1164 1214 1208 novoque

106 1234 264 1278 Cinaa
292 1233 498 1276 satellitio
515 1266 527 1286 ,
554 1247 692 1277 vacua
716 1232 967 1275 dominatur
990 1233 1039 1276 in
1063 1234 1177 1276 aula.

169 1314 395 1368 Maiestate
421 1314 496 1357 sua
521 1325 691 1357 tantum
711 1344 725 1366 ‚
750 1312 935 1370 telisque
959 1313 1173 1356 clientum

107 1397 323 1454 Reginam
349 1394 506 1439 armari
527 1394 678 1438 voluit
700 1395 896 1443 Natura3
919 1380 1100 1451 suasque

109 1479 262 1533 Quum
288 1479 442 1534 procul
466 1491 492 1519 a
515 1475 643 1520 testis
668 1475 758 1534 agit
783 1474 832 1518 in
856 1475 1090 1519 certamina
1114 1486 1278 1520 turmas
1293 1490 1312 1526 ⁶,

110 1559 234 1603 Bella
259 1573 412 1617 regens
429 1592 442 1613 ‚
471 1558 612 1602 Ducis
639 1557 832 1601 officium
855 1571 949 1601 non
972 1555 1128 1601 militis
1156 1556 1346 1616 implet-,J

71 1635 78 1642 '
111 1642 183 1686 Ne
210 1653 350 1684 totam
375 1641 520 1684 secum
544 1639 686 1683 trahat
710 1638 759 1682 in
787 1637 1035 1682 discrimina
1059 1649 1256 1697 gentem.
1285 1655 1290 1657 -

136 1756 139 1758 v
175 1722 410 1768 Pertaesam
436 1721 468 1764 fi
491 1721 606 1765 forte
630 1718 754 1764 domi
779 1720 846 1762 sol
871 1720 969 1762 luce
994 1717 1146 1763 sereni

110 1802 288 1849 'Aureus
311 1802 474 1847 invitat
500 1803 619 1845 coelo
645 1803 864 1846 colludere
889 1816 902 1851 3
928 1813 1154 1858 nunquam

117 1884 345 1930 Indefensa
369 1885 493 1928 volat
519 1897 531 1925 ε
557 1881 684 1925 lateri
707 1881 751 1924 se
778 1883 915 1924 multa
939 1881 1110 1925 satelles

120 1967 406 2024 Agglomerat
421 1996 435 2017 ,
461 1976 555 2006 non
578 1963 631 2006 ad
654 1975 830 2018 pompae
854 1960 1012 2019 regalis
1037 1961 1262 2016 honores,⁴

120 2046 380 2103 Promptior
404 2044 572 2088 auxilio
595 2043 669 2086 sed
687 2054 736 2086 ut
755 2043 860 2086 adfit
876 2058 890 2093 ;
909 2042 1121 2101 humique
1138 2042 1356 2098 iacentem

124 2129 330 2174 Attolens
357 2110 582 2170 dominam
607 2123 887 2171 famularibus
913 2124 1093 2168 invehat
1115 2124 1215 2169 alis.

187 2208 264 2253 Sat
287 2207 503 2251 comitum
526 2204 694 2262 Regina
716 2203 823 2248 licet
841 2204 892 2247 fit
917 2219 1068 2248 amore
1091 2205 1266 2249 suarum

128 2289 245 2335 Tuta
271 2288 391 2332 domi
417 2304 432 2338 3
458 2286 689 2330 numerosa
713 2296 860 2328 tamen
886 2284 1089 2329 Custodia
1114 2285 1279 2333 circum

127 2370 326 2438 §incubat
343 2401 356 2427 ,
380 2369 423 2417 ,δι
443 2367 605 2430 vigiles
631 2365 722 2429 agit
743 2366 798 2415 ad
821 2364 1029 2419 Praetoria
1053 2364 1224 2415 noaes.
