1500 2834
1490 234 1500 266 l

189 182 297 238 140
387 166 738 223 PRAEDll
788 167 1170 226 Rvsrtct

177 265 338 309 Junior
355 298 366 318 ‚
395 265 444 309 in
468 266 593 323 pejus
618 266 773 311 crescit
803 283 816 314 :
841 269 963 326 quod
987 268 1176 331 primula
1203 282 1352 326 peccat

176 346 426 403 Disciplina
442 380 455 401 ‚
475 348 661 405 sequens
679 348 765 392 vix
782 362 980 406 unquam
999 349 1183 406 corrigit
1201 362 1320 396 aetas.

237 426 390 481 Quum
406 440 546 478 tumet
562 430 606 473 δι
620 429 793 472 tunicas
810 443 930 473 nova
947 429 1114 486 rumpit
1129 443 1302 486 gemma
1315 462 1327 483 ,
1347 431 1500 476 Putat«x

177 506 256 549 Nil
281 507 451 551 dubitat
473 507 618 552 fruCtu
642 509 741 566 quis
768 509 1084 553 submittendus
1109 511 1311 554 habendo

177 589 344 631 Ramus
370 589 454 632 erit
474 606 485 634 :
507 591 628 634 nodo
647 591 900 647 protuberat
919 590 995 633 ille
1013 590 1234 647 frequenti
1251 621 1265 642 ,

178 670 459 728 Alteriusque
484 685 635 716 recens
662 672 757 715 caefi
782 673 835 715 de
859 670 1028 715 vertice
1054 670 1167 714 rami

179 751 383 795 Solvitur
408 752 458 795 in
482 751 632 797 flores.
657 750 845 796 Brevior
870 750 1112 809 crassusque
1129 784 1144 806 ,
1172 752 1356 796 ferendo

179 831 264 876 Par
289 833 415 877 oneri
432 866 445 886 ,
472 834 604 877 succo
631 835 780 890 plures
806 835 893 876 alet
915 835 1048 877 ubere
1073 835 1203 878 fetus.

175 934 177 938 ·
243 912 291 955 Si
317 927 455 970 pyrus
479 914 658 971 irriguis
685 913 730 957 se
755 913 922 970 pumila
947 913 1076 967 iastat
1098 914 1146 958 in
1174 914 1354 965 hortis·,

175 993 451 1039 ‘Provideant
476 996 630 1050 patulo
656 994 854 1037 crescens
880 1008 936 1037 ne
961 1008 1106 1043 ramus
1128 996 1181 1053 ab
1207 996 1314 1039 orbe

182 1077 323 1119 Exeat
341 1108 355 1130 ,
385 1087 460 1119 aut
488 1075 626 1119 muris
653 1076 781 1119 arbor
805 1060 985 1120 decedai
1005 1109 1019 1129 ‚
1047 1090 1227 1120 acernas

182 1159 207 1202 J
214 1156 304 1200 uffa
329 1157 452 1214 sequi
477 1169 616 1200 crates
643 1172 654 1199 τ
682 1156 887 1212 inprimis
914 1156 1059 1200 fertile
1083 1157 1255 1216 lignum

181 1239 238 1280 Et
264 1239 340 1295 qui
366 1238 487 1295 spem
513 1237 681 1281 faciunt
708 1237 828 1280 oculi
850 1238 1114 1288 serventur;
1139 1238 1342 1296 inersque
1396 1251 1401 1256 ·

183 1321 240 1363 Et
262 1319 420 1362 sterilis
449 1319 567 1362 ferro
596 1332 740 1362 ramus
771 1319 953 1362 tollatur
980 1319 1167 1364 adunco,

186 1399 309 1443 Talis
334 1398 418 1443 erit
445 1401 556 1442 duro
582 1398 746 1442 nitidus
773 1398 850 1456 qui
874 1398 1019 1455 stipite
1042 1399 1209 1443 sursum

186 1480 362 1523 Profilit
379 1513 392 1534 ,
419 1481 463 1523 δε
485 1480 628 1523 media
654 1491 783 1536 caput
810 1479 939 1523 altius
960 1481 1119 1524 *arbore
1144 1479 1263 1523 tollit
1284 1495 1297 1524 ε

187 1563 257 1605 Ne
274 1574 422 1605 tamen
436 1561 549 1604 hanc
565 1561 741 1617 penitus
757 1593 770 1614 ‚
782 1560 907 1604 radix
921 1561 992 1604 cui
1006 1562 1191 1619 prodIga
1206 1562 1358 1605 succos

190 1644 371 1689 Plenius
400 1642 602 1687 immittit
619 1675 631 1696 ,
658 1643 804 1699 pressa
833 1642 1065 1686 rescindite
1091 1642 1232 1692 falce·,

191 1726 276 1768 Sed
303 1725 494 1768 mediam
518 1724 687 1768 tantum
711 1724 830 1768 ferro
858 1724 1065 1768 succidite
1090 1724 1295 1782 virgam:

190 1808 305 1849 Nam
334 1805 467 1855 sterili
491 1819 575 1861 pro
601 1805 755 1848 fronde
771 1837 782 1857 ‚
812 1816 943 1861 caput
968 1806 1109 1848 decisa
1125 1837 1138 1859 ‚
1166 1806 1331 1850 feraces

190 1888 456 1946 Progenerat
481 1899 626 1929 ramos
653 1885 782 1928 nodis
808 1899 866 1928 ex
893 1880 1100 1930 omnibus
1127 1898 1272 1931 ortos.

252 1971 359 2012 Non
378 1970 523 2025 placet
542 1967 711 2010 attonsa
727 1967 996 2010 transversus
1015 1967 1063 2010 in
1080 1969 1236 2011 arbore
1253 1981 1421 2020 mmm,

191 2051 253 2095 Ni
270 2062 393 2107 parat
411 2049 460 2092 in
477 2048 665 2093 fructum
685 2047 876 2105 gravidis
896 2061 1126 2104 erumpere
1146 2048 1360 2106 gemmis3

190 2132 372 2176 frustus
397 2130 517 2174 enim
542 2131 664 2172 decet
688 2126 891 2184 inprimis
915 2128 1017 2171 :secl
1043 2128 1174 2185 copia
1199 2128 1377 2172 florum¹

194 2213 377 2270 Largior
400 2210 654 2269 Agricolam
681 2222 738 2252 ne
761 2208 836 2264 spe
862 2209 1034 2252 deludat
1061 2209 1212 2253 inani:

194 2292 390 2345 Maiores
409 2325 420 2345 ‚
447 2291 662 2335 moritura
689 2288 817 2333 brevi
845 2304 980 2346 quum
1010 2282 1158 2334 deficit
1174 2323 1188 2345 ‚
1215 2292 1347 2335 arbor

194 2373 335 2420 Jastat
360 2387 485 2431 opes,
505 2373 576 2417 Tu
599 2373 714 2418 dona
738 2372 880 2416 bonus
900 2371 1105 2438 ¹suprema
1130 2373 1330 2418 recusans
1347 2403 1361 2425 ,
