1500 2886
502 239 548 294 L
569 251 601 294 1
625 246 670 294 Β
695 249 738 294 ε
764 253 807 294 R
860 237 897 294 Ι
910 238 979 296 V.
1247 251 1270 294 1
1289 242 1359 315 13]

105 327 345 397 ⁴ingenium
368 336 525 383 divina
547 350 670 398 regat
695 337 933 383 molimina
962 338 1147 383 rerum!
1360 332 1365 334 ’

111 419 223 462 Haec
249 432 300 463 ut
323 433 430 463 vera
454 431 584 477 putes
601 452 616 474 ‚
642 419 675 463 fi
702 419 804 478 quis
829 419 1026 464 suadebit
1043 452 1058 475 ,
1082 418 1246 463 eisdem

105 497 280 556 Eripiet
302 501 452 544 verbis
474 502 671 544 humano
698 515 724 544 e
749 514 940 557 corpore
964 511 1161 544 mentem
1181 516 1194 544 ε

107 581 164 623 Et
193 595 250 624 ne
279 583 408 638 plura
434 581 590 639 sequar
605 607 627 634 ,ν
647 580 722 624 sed
745 581 800 624 ab
823 594 917 625 uno
946 583 1150 638 exempla
1171 581 1333 625 catello

107 661 367 705 Indubitata
392 674 575 719 petam3
607 660 716 705 fidas
742 662 796 705 ad
820 661 977 705 limina
1006 661 1151 705 custos

109 741 334 786 Excubias
363 741 454 799 agit
471 774 485 794 ‚
518 741 562 785 &
588 753 723 784 nutus
749 741 952 784 observat
979 740 1141 800 heriles
1161 756 1177 791 3

112 823 178 865 Ut
203 820 295 879 quo
320 820 428 875 juffa
451 833 619 864 vocant
641 821 848 865 velocior
872 822 1052 866 advolet
1072 838 1084 866 :
1106 821 1224 866 idem

109 903 154 946 N
155 916 241 945 unc
259 901 389 946 hilari
407 905 654 960 congaudet
670 903 782 947 hero
802 936 816 958 ,
843 917 961 948 nunc
979 903 1145 948 tristior
1163 916 1283 962 aegro

110 981 274 1027 Affidet
291 1015 306 1037 ‚
333 984 378 1028 &
404 985 544 1028 socias
566 984 736 1029 vindex
760 984 938 1045 affui-git
962 984 1011 1028 in
1038 985 1123 1029 iras
1143 1001 1156 1029 ε

111 1064 236 1108 Pone
258 1065 373 1108 subit
392 1078 543 1108 comes
561 1065 744 1109 affiduus
764 1097 778 1120 ‚
797 1065 1075 1123 Dominique
1095 1066 1328 1122 sepulchro

110 1145 400 1195 Immoritur3
415 1159 558 1203 neque
572 1145 678 1203 quid
691 1145 745 1189 fit
757 1159 882 1190 amor
896 1179 909 1200 ,
928 1145 1033 1203 quid
1048 1145 1183 1204 gratia
1197 1145 1353 1191 novit!

173 1228 283 1269 Haec
310 1225 479 1284 agitent
505 1227 651 1270 secum
674 1241 826 1271 vacuae
853 1227 1005 1270 deliria
1034 1239 1204 1271 mentes
1220 1261 1235 1281 ‚
1357 1227 1360 1229 ’

110 1305 253 1361 Queis
279 1305 456 1349 licitum
484 1306 570 1350 fuit
597 1320 656 1350 ex
687 1321 778 1351 uno
802 1308 879 1350 vel
906 1307 1101 1365 fimplice
1126 1321 1256 1353 motu

112 1387 315 1444 Materiae
342 1387 392 1429 in
415 1389 627 1444 quadrum
653 1387 780 1432 1·ectae
807 1387 1050 1434 diffundere
1074 1401 1210 1434 terras
1227 1422 1240 1444 ‚

110 1468 166 1510 Et
182 1466 318 1510 maria
335 1468 379 1510 &
393 1468 558 1510 coelum
572 1500 586 1520 ,
606 1469 650 1511 &
666 1467 899 1524 spe&abile
916 1469 1128 1527 quidquid
1145 1470 1194 1514 in
1211 1471 1316 1517 orbe
1330 1470 1409 1519 est.

108 1547 204 1603 Qui
234 1560 419 1605 potuere
447 1546 540 1590 levi
566 1548 618 1591 de
645 1548 830 1604 pulvere
859 1546 1025 1607 fingere
1050 1550 1190 1594 solem
1205 1584 1220 1605 ,

111 1630 355 1686 Praeliaque
382 1629 427 1671 &
456 1627 630 1672 nostros
653 1627 786 1673 stellis
815 1629 1024 1675 ascribere
1051 1645 1232 1678 motus:
1254 1643 1258 1647 ’

110 1712 314 1766 Namque
338 1708 436 1752 aliis
461 1707 570 1752 alias
598 1722 855 1754 concurrere
873 1743 887 1766 ,
913 1713 1105 1771 duraque
1129 1712 1249 1759 coelo

110 1792 231 1835 Bella
255 1805 439 1834 movere
463 1793 626 1834 volunt
642 1824 656 1844 ‚
680 1792 893 1851 regnique
917 1796 1153 1840 extendere
1178 1795 1290 1842 fines
1307 1831 1323 1851 ,

110 1873 200 1915 Aut
228 1871 399 1931 subigi,
425 1872 688 1930 alteriusque
715 1874 839 1932 sequi
864 1889 944 1932 per
970 1876 1118 1920 inania
1146 1892 1317 1922 morem
1335 1909 1351 1934 ,

107 1953 356 1997 Incertasve
383 1953 475 1997 loci
503 1955 683 2011 propria
709 1955 799 2000 fine
825 1957 923 2001 sede
946 1958 1099 2016 vagari
1115 1974 1132 2009 3

108 2033 267 2088 Qualis
290 2033 445 2078 vicino
470 2033 559 2089 jam
583 2036 755 2081 turbine
779 2037 924 2082 vietus
953 2040 1157 2095 oberrat,

109 2114 225 2157 Dira
251 2114 331 2157 suo
353 2115 454 2158 casu
478 2118 744 2172 portendens
768 2118 854 2162 fata
878 2132 1075 2164 cometes
1095 2136 1109 2165 ε

109 2193 267 2248 Qualis
297 2194 341 2237 &
366 2193 576 2239 astrorum
601 2211 698 2254 quae
723 2197 883 2241 decidit
909 2201 1062 2243 ordine
1086 2202 1218 2245 tellus

108 2274 299 2317 Lumine
326 2273 436 2318 caffa
465 2276 545 2319 suo
562 2309 576 2330 ‚
606 2277 851 2335 Phoebique
876 2279 1078 2336 absorpta
1104 2282 1270 2338 rapacis

108 2344 330 2408 VordceJ
353 2353 441 2409 iam
464 2357 583 2400 coelo
610 2356 806 2415 sequitur
830 2357 1017 2404 vietor-is
1042 2374 1230 2406 ovantes

108 2434 228 2481 Solis
256 2449 426 2502 equos,
452 2448 682 2501 tentatque
707 2437 756 2487 in
779 2437 959 2499 pristina
983 2439 1079 2501 jura
1102 2442 1273 2491 rediret

1064 2522 1111 2576 Η.
