1482 2834
139 261 275 338 ‚5196
360 266 719 322 PRAEDII
761 266 1187 323 Rvsrtct

155 357 341 419 Jamque
363 365 382 420 (
398 365 519 408 nefas
538 368 555 421 )
576 366 683 410 vitae
709 369 892 410 mallent
916 367 1199 423 praesentibus
1221 363 1288 414 uti

156 441 351 486 Auxiliis
370 477 382 497 ‚
408 442 505 488 fidae
532 444 671 503 quam·
688 445 862 491 credere
886 444 1053 492 semina
1078 460 1202 491 terrae
1220 480 1234 502 ‚
1271 472 1274 474 v
1328 438 1331 439 ⁷

157 523 496 583 Venturumque
521 528 630 571 adeo
652 543 775 572 curas
802 529 1039 573 extendere
1062 527 1110 572 in
1135 543 1298 574 annum
1314 547 1328 576 ε

158 596 344 648 Cautior
366 605 459 662 ipse
482 609 609 651 locos
634 609 720 652 adii
740 642 751 662 ‚
778 609 935 666 quibus
961 622 1052 653 arte
1077 611 1246 654 recenti

158 685 408 730 Conficitur
433 689 590 746 pyrius
614 689 858 734 castrorum¹
876 690 1025 748 pulvis
1050 690 1098 733 in
1121 691 1228 734 usus‘
1243 706 1260 741 ς

159 766 215 810 Et
240 768 407 812 nitrum
434 770 495 812 sal
522 769 622 813 inde
649 771 732 813 ruli
759 786 770 814 ε
798 769 1036 828 satiataque
1060 771 1218 829 pingui

155 849 359 892 flumina
380 849 536 893 deinde
559 849 669 893 fimo
691 850 816 894 tetris
841 851 1016 894 haurire
1043 851 1208 895 cloacis

158 932 266 993 Non
281 931 437 988 puduit
451 965 462 984 ,
488 931 711 988 crass‘oque
726 932 915 975 humore
931 932 1154 975 resolvere
1172 928 1337 976 nitrum
1349 946 1375 983 ;·Ἰ

158 1013 437 1070 Turgidaque
465 1013 609 1056 infuso
637 1013 844 1056 medicari
868 1014 1033 1057 semina
1057 1026 1184 1070 potu.

159 1094 267 1137 Inde
284 1094 382 1136 solo
398 1092 580 1136 mittens
594 1126 606 1146 ‚
627 1091 873 1150 iterumque
890 1084 1140 1151 iterumque
1155 1095 1368 1138 colonum.

160 1173 385 1218 Admonui
411 1174 545 1217 solito
571 1174 731 1217 sereret
755 1174 812 1217 ne
840 1176 964 1217 more
986 1206 999 1227 ‚
1026 1188 1295 1232 manumque
1325 1173 1329 1176 ’

159 1255 231 1299 Sic
249 1266 468 1311 premeret
483 1255 688 1311 spargens
700 1285 715 1303 ,
731 1266 779 1298 ut
795 1257 916 1312 quod
929 1255 1029 1299 dare
1046 1256 1249 1300 sueverat
1263 1253 1368 1313 uni,

159 1338 364 1393 Quatuor
389 1338 566 1380 auderet
591 1336 744 1392 partiri
770 1337 818 1380 in
843 1337 991 1395 jugera
1018 1338 1186 1382 semen.

160 1417 357 1462 Muffitet
381 1418 456 1463 ille
479 1416 585 1461 licet
601 1449 613 1469 ‚
641 1418 872 1475 tacitoque
898 1418 1200 1462 obmurmuret
1225 1425 1358 1474 oreg-

160 1499 391 1554 Obiiciens
419 1495 564 1542 secum
589 1514 601 1542 ι
624 1498 754 1542 Parce
781 1494 858 1555 qui
882 1484 1067 1542 seminat
1083 1531 1096 1552 ,
1126 1498 1246 1543 idem

160 1580 338 1626 Parcius
367 1581 411 1624 &
435 1591 571 1623 metet
595 1595 608 1623 ι
637 1579 820 1635 ancipiti
844 1578 1079 1623 formidine
1105 1579 1273 1636 preffus

159 1662 434 1720 obsequitur
458 1672 631 1710 tamem
653 1661 698 1704 &
722 1674 815 1703 non
837 1659 1059 1706 intellessta
1080 1660 1288 1704 faceffens

161 1743 278 1790 Juss‘a
294 1776 307 1796 ‚
333 1757 412 1800 per
436 1744 636 1801 ingentes
659 1741 822 1800 spargit
847 1738 1054 1785 rarissima
1081 1744 1264 1799 campos

160 1825 339 1870 Semina
364 1840 376 1868 ε
402 1837 483 1867 nec
507 1824 640 1867 fallax
668 1823 768 1866 lusit
797 1823 920 1880 spem
946 1822 1090 1866 meffis
1117 1822 1295 1866 inanem
1316 1825 1335 1873 1
1359 1827 1362 1829 ’

158 1906 312 1952 Latius
337 1906 386 1948 in
407 1907 555 1962 plures
581 1904 654 1947 sed
672 1906 730 1947 ab
756 1918 847 1947 uno
873 1902 1071 1962 germine
1094 1905 1267 1948 culmos

159 1988 410 2032 Luxurians
429 2018 442 2039 ‚
469 1985 584 2028 texit
607 1985 751 2028 sulcos
780 1984 841 2027 ita
866 1985 995 2027 densa
1018 1984 1183 2028 feraces
1201 2016 1217 2038 ,

161 2069 354 2115 Villicus
379 2067 574 2110 inventae
599 2065 760 2109 diffisus
785 2077 835 2107 ut
861 2064 966 2107 artis
985 2097 1000 2117 ,
1026 2064 1206 2121 opimas

160 2150 282 2194 Dein
310 2151 478 2206 segetes
504 2146 677 2189 inhians
695 2179 708 2199 ,
735 2145 1021 2188 demiraretur
1047 2146 1199 2204 egenis

159 2230 386 2286 Quantum
412 2230 538 2271 rebus
563 2227 677 2271 adest
701 2226 840 2269 doctae
865 2226 1042 2270 solertia
1064 2227 1243 2272 mentis.
1289 2247 1297 2271 1

176 2362 179 2364 μ
218 2309 320 2354 Post
345 2309 420 2352 ubi
449 2307 664 2361 disjunxit
694 2318 844 2350 tauros
860 2339 873 2358 ,
907 2307 1100 2351 semente
1125 2307 1297 2364 peracti
1314 2312 1361 2363 ,5

158 2392 380 2436 Ceffatura
407 2391 481 2432 diu
506 2390 735 2445 suspendat
760 2401 898 2431 aratra
923 2389 1171 2438 Bubulcus;

157 2474 212 2518 Et
235 2472 392 2520 refides
422 2470 637 2528 (hiberna
659 2468 783 2530 gregi
806 2482 862 2513 ne
886 2469 1043 2526 pascua
1066 2467 1241 2522 defiat)
