1500 2886
548 253 838 307 LIBER
895 251 969 311 Ι..
1295 271 1364 334 35

131 354 285 409 Quum
305 352 472 398 florens
495 351 673 407 studiis,
695 366 809 398 artes
836 353 899 397 ita
926 366 1057 398 natus
1081 356 1138 400 ad
1157 369 1315 402 omnes

133 434 231 478 Effe
252 435 510 486 videbaris3
532 436 650 479 foret
672 448 723 479 ut
748 434 988 480 dubitabile
1013 437 1134 494 quali

136 518 205 560 Ad
230 517 447 561 summum
470 518 600 560 decus
627 517 797 574 ingenii
822 518 1072 574 famamque
1097 520 1288 575 placeret

136 600 206 642 Ire
232 599 344 642 via:
371 613 471 642 nam
497 598 631 641 verba
653 598 792 641 sacras
819 609 971 640 orator
996 599 1049 640 ad
1071 609 1167 642 aras

139 682 229 724 Seu
254 681 460 729 faceres·
481 679 675 731 nostras,
698 680 928 723 Musarum
946 678 1078 723 castra
1097 680 1268 724 secutus
1285 713 1302 734 ,

139 762 386 806 Obscurare
409 773 490 804 tuo
513 762 653 805 velles
678 761 755 804 seu
777 760 971 804 carmine
994 763 1175 812 laudes·,

141 836 369 887 Plauderet
386 842 487 886 urbs
500 875 515 894 ,
536 842 666 886 avida
684 856 768 886 nec
785 842 961 901 segnius
981 853 1085 886 aure
1106 856 1338 887 canentem

138 924 375 981 Exciperet
389 957 403 977 ‚
429 923 561 982 quam
580 924 699 968 sacra
716 925 873 968 ten'ens
893 939 1030 982 quum
1049 924 1221 981 pulpita
1240 923 1379 969 solvis

138 1007 257 1050 Luce
281 1006 357 1050 tua
383 1005 487 1051 fidei
509 1008 708 1051 tenebras
726 1022 743 1057 ς
766 1007 1034 1065 cupidosque
1053 1005 1218 1050 sciendi

137 1087 398 1144 Discipulos
415 1120 428 1139 ,
455 1088 509 1130 ad
529 1086 664 1144 quina
687 1087 835 1131 virum
858 1101 1043 1132 centena
1067 1087 1246 1131 wadios
1262 1119 1277 1141 ,

138 1168 269 1212 Voce
294 1170 427 1210 doces
446 1166 631 1224 vitaque
655 1168 795 1226 magis
819 1168 998 1225 pietatis
1024 1183 1239 1213 amorem.

202 1248 248 1292 O
271 1252 281 1293 !
304 1247 379 1291 ubi
398 1261 513 1292 nunc
529 1248 696 1292 virides
713 1251 877 1292 umbrae
897 1249 1110 1308 tacitique
1129 1249 1315 1294 receffus
1331 1283 1347 1305 ,

141 1329 235 1387 Qui
259 1342 406 1372 tantos
430 1331 575 1372 aluere
598 1328 725 1372 viros
748 1333 759 1374 !
786 1312 1137 1374 instaret-acerba
1158 1371 1161 1374 .

139 1413 290 1467 Quum
313 1410 402 1464 jam
425 1424 538 1466 pene
560 1410 655 1454 dies
680 1410 888 1467 perituris
911 1411 1066 1455 ultima
1092 1412 1213 1457 silvis
1228 1446 1242 1466 ,

140 1493 260 1537 Proh
285 1497 297 1537 ε
325 1493 444 1551 quali
469 1492 617 1537 tonuit
639 1493 853 1537 Parnaffia
873 1509 1098 1538 murmure
1119 1499 1277 1552 rupes!

140 1575 227 1618 Sed
249 1573 355 1632 quid
378 1574 636 1618 inhumanas
660 1587 815 1618 contra
838 1587 1024 1632 potuere
1050 1576 1221 1636 secures

141 1656 350 1700 Carmina
364 1655 599 1700 :Threicio
615 1670 878 1714 quamquam
893 1670 986 1700 non
1002 1653 1180 1715 segnior
1192 1657 1380 1715 Orpheo

140 1737 378 1780 Flebilibus
404 1735 556 1790 iustam
576 1737 728 1782 nervis
753 1737 955 1782 effuderit
978 1738 1090 1782 iram

143 1817 345 1877 Murgius
368 1833 383 1868 ς
407 1818 550 1862 aoniis
575 1818 782 1874 jam‘non
803 1821 944 1864 aurita
966 1820 1120 1864 Poetis

143 1900 415 1957 obsequitur
429 1915 616 1958 quercus
633 1917 647 1951 ;
665 1902 740 1946 sed
750 1936 763 1955 ‚
782 1902 1023 1960 quodlicet
1034 1936 1047 1955 ,
1064 1901 1152 1946 icta
1167 1901 1351 1959 bipenni

142 1981 383 2039 congemit
398 1997 413 2031 ς
434 1983 478 2026 &
497 1984 582 2040 qua
597 1998 714 2029 voce
732 1984 875 2041 potest
890 2017 904 2037 ‚
923 1999 1037 2042 quos
1053 1984 1210 2041 saepius
1227 1984 1380 2029 umbra

109 2116 112 2117 ⁷
141 2061 276 2105 Fovit
290 2094 302 2114 ‚
322 2065 377 2106 ad
394 2064 610 2108 auxilium
628 2078 762 2109 vocat
779 2064 1020 2108 emoritura
1042 2065 1228 2108 sodales.

141 2142 362 2187 Venimus
377 2175 391 2196 ,
415 2158 465 2187 ac
486 2144 629 2188 veluti
652 2146 751 2189 data
775 2145 873 2202 post
898 2146 1136 2189 certamina
1152 2178 1165 2198 ‚
1193 2160 1352 2203 campo

142 2224 297 2278 Quum
316 2223 484 2278 jacuere
508 2226 637 2270 duces
654 2259 669 2280 ‚
693 2239 824 2283 atque
850 2227 1021 2284 inclyta
1037 2227 1222 2271 nomina
1240 2227 1362 2271 letho

142 2301 317 2346 Perdita
333 2336 347 2356 ,
374 2304 543 2349 secreto
567 2306 707 2356 tristes
733 2307 918 2351 horrore
945 2320 1180 2353 movemur
1196 2324 1213 2359 ·,

143 2382 356 2427 Liventes
379 2387 558 2445 plagas,
580 2385 807 2444 fluidoque
832 2389 1039 2432 cadavera
1064 2391 1167 2432 tabo
1187 2422 1201 2443 ‚

147 2463 326 2523 Oraque
351 2479 580 2514 cernentes
607 2471 761 2528 patulo
786 2469 999 2515 deformia
1025 2470 1169 2520 ri&u;

1044 2553 1082 2595 C
1108 2550 1138 2606 ij
