1482 2834
67 280 186 349 ‘246
276 272 627 329 PRAEDH
670 270 1060 328 Rus-rtet

67 374 210 431 Eripit
225 407 239 425 ‚
274 374 317 417 &
343 374 458 418 dulci
482 375 687 431 prohibet
710 375 937 418 mitescere
961 360 1112 417 succo}
1157 375 1160 377 ’

69 456 118 499 Si
147 469 292 498 tamen
315 455 376 499 est
399 457 522 500 ulmo
546 456 656 500 vitis
681 455 913 510 conjunsta
938 454 1139 503 maritae;

69 540 139 582 Ne
165 550 286 582 muta
305 537 475 595 patrios
500 552 647 583 mores
665 571 678 591 ‚
701 538 987 595 habitumque
1009 538 1213 580 locorum
1228 547 1245 580 ε

70 621 184 662 Sunt
207 618 252 663 &
276 618 500 676 inexperti
524 620 755 664 metuenda
779 618 972 676 pericula
995 619 1138 661 cultus
1158 631 1175 668 ·,

71 700 220 756 Atque
242 699 340 744 aliis
365 700 494 745 aliam
520 699 567 744 in
590 700 746 744 faciem
767 699 937 745 felicius
965 699 1086 745 arvis

70 781 320 824 Nascuntur
343 780 461 825 vites
488 797 500 825 ε
527 782 667 839 longo
693 781 942 839 Burgundia
966 779 1110 824 traam

70 859 263 904 Sustinet
288 863 424 905 elatas
448 861 624 906 sudibus
648 860 857 919 fui-caque
882 859 1045 919 saligna
1065 875 1081 910 3

71 941 143 984 Ne
168 941 301 986 vitiet
325 953 476 999 putres
502 941 596 1000 agri
620 955 760 999 vapor
783 940 990 987 humidus
1013 954 1143 987 uvas.

74 1024 366 1082 Allobrogum
395 1020 507 1069 vero
530 1021 660 1066 caeeis
687 1021 735 1066 in
759 1021 949 1076 vallibus
966 1053 980 1072 .
1008 1036 1100 1066 uva

71 1103 174 1154 ‚Vix
197 1104 356 1147 fruitur
376 1104 479 1147 viso
506 1102 586 1147 nifi
610 1103 779 1148 summa
801 1117 859 1147 ex
884 1105 1038 1147 arbore
1060 1102 1252 1148 Phoebo-⁴

138 1184 246 1226 Itala
273 1198 379 1240 gens
407 1183 549 1239 (seris
577 1184 678 1227 usus
703 1183 808 1240 quia
833 1182 960 1227 venit
984 1183 1038 1227 ab
1055 1171 1189 1227 ¹annis.
1206 1214 1222 1236 ,

78 1265 186 1307 Non
210 1264 328 1306 vitio
349 1276 475 1307 terrae
496 1262 514 1317 )
541 1262 660 1307 vites
685 1262 916 1307 socialibus
939 1262 1088 1307 ulmis'

80 1345 236 1402 Jungit
253 1378 266 1397 ‚
294 1345 338 1387 δι
362 1343 522 1401 aequali
548 1343 744 1402 geminas
769 1356 895 1388 aetate
922 1343 1125 1387 maritat:

79 1426 264 1469 Confita
285 1439 474 1481 namque
499 1426 651 1468 locum
675 1424 777 1468 fufis
801 1425 877 1468 ubi
898 1423 1102 1480 stirpibus
1127 1423 1257 1466 arbor

80 1507 308 1563 Anticipat
325 1540 339 1559 ,
364 1508 540 1552 succum
565 1503 759 1550 nascenti
783 1504 983 1562 praeripit
1006 1518 1135 1548 uvae:

81 1589 228 1644 Atque
249 1590 396 1633 ulmus
412 1620 425 1641 ‚
451 1601 551 1632 cum
574 1587 671 1632 vite
687 1619 699 1638 ‚
722 1586 820 1644 pari
840 1586 924 1630 nifi
945 1586 1104 1643 pubeat
1126 1599 1228 1629 aevo
1242 1602 1258 1631 t

82 1671 190 1715 Non
209 1671 368 1716 tolerat
386 1669 555 1727 sponsae
574 1682 723 1714 ramos
744 1669 788 1712 &
807 1668 982 1725 pondus
999 1666 1221 1724 iniquum.

83 1749 134 1795 si
154 1751 312 1794 morbo
333 1750 481 1807 gravis
501 1750 632 1794 arbor
651 1748 746 1794 obit
762 1781 777 1803 ,
796 1750 872 1793 vel
892 1747 1070 1807 segnior
1088 1746 1249 1803 annis,'

81 1831 326 1875 Connubio
351 1834 400 1873 tu
427 1843 558 1885 parce
582 1843 710 1874 novo
725 1861 740 1882 ,
765 1826 978 1885 furcfique
998 1827 1174 1875 bicorni

81 1913 140 1959 Et
164 1912 260 1956 fixo
285 1913 464 1958 viduam
491 1910 630 1955 solare
653 1909 887 1968 pedamine
911 1909 1071 1954 vitem.

145 1995 296 2038 Horto
311 1993 444 2037 etiam
459 1991 567 2036 vitis
582 1990 732 2036 decori
746 1990 959 2048 est‚quum
973 1988 1182 2048 proxima
1195 1978 1323 2047 teckiz‘

82 2075 290 2120 Nascitur
309 2108 323 2128 ‚
350 2076 394 2120 &
419 2074 526 2119 scite
553 2086 704 2117 muros
729 2072 836 2117 hinc
859 2071 962 2117 inde
984 2087 1064 2130 per
1087 2087 1245 2118 omnes

83 2156 296 2201 Flectitur
311 2188 324 2208 ‚
345 2168 475 2214 atque
493 2154 600 2213 jugo
618 2152 773 2211 primis
790 2152 987 2198 affuescit
1002 2155 1054 2198 ab
1069 2153 1196 2199 annis
1215 2170 1231 2200 z

84 2236 206 2293 Tum
230 2238 318 2282 late
342 2236 577 2283 intendunt
598 2223 786 2287 contos,
813 2249 1025 2292 ramoque
1050 2235 1251 2292 sequenti

86 2315 244 2363 Vitem
262 2319 314 2360 ad
328 2318 474 2361 vincla
491 2330 674 2362 vocant:
688 2317 966 2362 mordacibus
986 2317 1060 2361 illa
1074 2318 1260 2378 salignas

83 2399 330 2445 claviculis
353 2397 527 2458 stringit
552 2399 694 2443 clades
710 2429 724 2449 ,
753 2399 927 2455 lateque
951 2399 1120 2444 virenti
1283 2382 1286 2385 Ι

81 2479 286 2530 Palmitis
313 2483 500 2530 obtentu
523 2495 675 2527 muros
694 2512 710 2537 ,
732 2480 778 2526 &
799 2478 957 2526 limina
980 2472 1130 2528 vestit.
