1482 2834
484 248 806 306 ιιΒειι
872 243 1037 309 XV.
1253 263 1363 324 351

123 345 438 406 Anguillasque
469 350 567 406 capi
597 350 749 394 faciles
770 382 784 403 ,
812 363 951 407 quum
977 344 1162 392 flumine
1190 348 1242 391 ab
1272 351 1367 391 alto

123 430 178 474 In
207 443 328 473 mare
349 431 640 476 descendunt:
670 446 720 474 ut
739 431 860 476 enim
884 429 1115 489 peregrina
1131 427 1370 487 quotannis

123 510 344 555 Australes
373 512 569 568 sequitur
593 514 766 572 Progne
794 527 914 557 trans
939 525 1119 569 aequora
1143 511 1258 554 soles
1278 526 1293 560 3
1399 555 1401 557 ,

123 591 201 635 Sic
233 594 311 636 ubi
347 593 479 638 tristis
514 594 657 638 hiems
685 595 980 652 Aquilonibus
1006 594 1174 650 asperat
1199 592 1362 642 undas3

122 673 323 732 frigoris
351 675 590 731 impatiens
619 675 787 719 fluvios
813 674 1021 733 Anguilla
1047 672 1242 730 rigentes
1357 678 1363 684 ’

122 754 303 797 Deserit
319 787 333 808 ‚
365 756 409 797 δι
434 756 581 813 pelagi
606 755 766 812 tepidis
797 755 998 802 hibernat
1025 753 1075 819 iq
1100 753 1194 796 oris
1212 785 1228 806 ,
1269 766 1273 770 ’
1315 761 1368 806 *2³

124 833 407 891 AEstivosque
434 837 574 878 redux
601 835 748 893 gelido
772 836 893 879 levat
914 848 1042 883 amne
1069 822 1238 878 calores
1254 865 1271 888 ‚

123 914 345 959 Littoreas
370 929 547 971 captans
576 917 753 967 umbras
781 916 827 961 ὅτ.
849 915 989 973 frigus
1018 928 1249 972 aquarum.

183 996 302 1053 Ergo
326 997 476 1042 locum
500 995 645 1039 fraudi
669 995 816 1052 capies
838 1027 852 1049 ‚
878 995 955 1039 ubi
982 995 1112 1039 saxea
1140 996 1286 1039 moles
1380 1044 1384 1049 ,

123 1076 340 1121 Fluminis
365 1076 559 1134 angustat
582 1077 729 1121 fauces
755 1091 770 1126 3
795 1090 875 1133 per
901 1075 1056 1134 iniqua
1079 1075 1257 1120 viarum

128 1157 292 1202 Influat
315 1170 366 1200 ut
395 1157 548 1201 Cereri
575 1157 824 1202 violentior
846 1159 962 1205 unda
990 1158 1178 1201 terendae
1196 1189 1212 1210 ,
1298 1206 1299 1209 Ἴ

128 1237 454 1295 Versandisque
481 1238 615 1281 molis
643 1254 655 1282 :
682 1238 832 1282 medio
861 1252 971 1296 quas
994 1251 1154 1296 aggere
1177 1239 1375 1295 pandunt

133 1319 360 1362 Crescenti
386 1330 538 1374 portas
564 1318 709 1362 fluvio
727 1350 742 1372 ‚
771 1317 1033 1365 coeuntibus
1057 1318 1225 1362 arstum

127 1399 182 1442 ln
211 1398 398 1455 spatium
424 1397 575 1445 cannis
600 1397 763 1448 sternes
788 1413 802 1443 ι
827 1397 1014 1442 declivis
1040 1399 1212 1443 arundo

130 1477 386 1534 Praecipites
411 1477 542 1521 rimis
562 1477 759 1528 effundet
778 1478 1000 1529 hiantibus
1026 1481 1165 1524 undas
1181 1513 1197 1534 ,
1326 1464 1355 1520 l-

130 1558 435 1616 Vimineoque
464 1559 766 1620 cadensukro
796 1560 842 1603 se
872 1573 1043 1604 carcere
1066 1562 1240 1606 claudet

131 1639 245 1694 Quae
276 1639 473 1695 sequitur
498 1652 669 1695 pronos
694 1639 886 1697 anguilla
907 1641 1122 1687 volubilis
1147 1651 1319 1692 amaea·

133 1719 405 1775 Opportuna
427 1711 553 1776 fugae‘
570 1718 761 1778 captabit
787 1733 987 1777 tempora
1003 1754 1017 1775 ‚
1042 1734 1187 1769 tutum

134 1800 289 1855 Quum
314 1798 433 1843 dabit
456 1798 598 1843 amnis
625 1799 710 1843 iter
725 1801 912 1864 brumali
938 1802 1133 1849 turbidus
1158 1805 1320 1852 imbre.'

197 1881 284 1924 Sed
308 1881 434 1923 velut
457 1878 695 1937 armigeras
719 1880 752 1923 fi
779 1881 879 1938 quis
908 1883 1151 1929 devolvere
1178 1899 1345 1932 turmas

134 1962 279 2006 Noae
295 1973 417 2019 parat
433 1976 448 2011 3
465 1960 662 2010 tenebris*
672 1974 851 2019 quoque
867 1963 1047 2008 callidus
1066 1967 1205 2011 utitur
1222 1967 1379 2025 hostis,

135 2044 201 2087 Ut
227 2054 323 2086 ruat
347 2042 541 2095 incautas
569 2042 757 2101 inopino
785 2044 929 2088 Marte
954 2047 1179 2093 cohortes.

136 2122 268 2166 Retia
295 2121 489 2166 Piscator
513 2121 572 2166 fic
596 2122 852 2179 indeprensa
875 2125 1029 2170 lutofis

138 2202 412 2246 Fluminibus
427 2203 609 2253 tendens
620 2234 635 2257 ‚
656 2202 897 2261 fugitivum
916 2206 1140 2265 intercipit
1157 2222 1314 2268 agmen
1328 2217 1347 2268 ,'

137 2282 442 2340 Versutosque
464 2283 579 2329 dolis
604 2285 747 2329 vincit
770 2286 994 2331 fallacibus
1018 2288 1148 2336 astus.

198 2363 419 2421 Torpenti
444 2378 623 2423 quoque
645 2366 804 2424 gaudet
827 2367 939 2424 aqua
954 2369 1142 2414 baller-us
1167 2372 1380 2420 oberrans

139 2444 385 2491 Littoribus
401 2477 417 2502 ,
440 2458 523 2493 nec
545 2460 640 2494 non
663 2448 764 2494 Itali
788 2448 919 2510 pigus
942 2449 1089 2498 incola
1110 2452 1223 2510 lari,
