1482 2834
133 211 244 272 170
363 194 698 253 PRAEDII
741 196 1108 254 Rvstrrct

123 294 289 351 AEquet
315 294 500 338 humum
524 296 655 345 dorso
679 310 811 354 quam
838 295 1105 341 deformavit
1126 293 1295 359 iniquo*

119 373 346 419 Effodiens
367 375 472 419 hinc
500 375 602 420 inde
627 390 763 421 cavos
787 376 866 421 fibi
892 378 1010 435 talpa
1033 390 1231 436 penates.

179 456 280 513 Ipsa
303 456 438 503 etiam
463 458 587 508 senio
613 459 726 516 (nifi
750 458 822 504 vis
850 459 1040 507 humana
1065 458 1260 516 refistat)

119 538 401 597 Degenerant
429 555 528 598 quae
556 554 708 599 prata,
738 541 848 586 fimo
874 553 1066 589 recreate
1093 557 1108 592 ;
1136 541 1355 598 fitumque

118 620 175 664 Et
199 632 396 665 veterem
422 622 567 681 campi
590 622 776 668 maciem
802 624 1000 681 superate
1025 623 1232 666 colendo.

117 701 266 759 Atque
287 702 363 746 ubi
389 702 455 747 nil
478 705 663 761 prosunt
688 704 823 749 sterili
845 703 1067 749 laetamina
1093 704 1269 753 'funden

116 783 143 835 J
147 797 216 827 am
235 798 379 843 neque
393 785 517 831 rivus
541 786 668 845 aquis
682 786 807 842 juvat
829 785 1115 831 auxiliaribus
1140 785 1352 844 herbam3

115 863 329 910 Invalidis
352 864 509 922 juncos
534 868 649 911 inter
673 883 770 926 quae
795 867 998 925 stirpibus
1025 881 1142 926 aegre

114 943 320 1000 Profilit,
349 946 394 990 ὅτ
418 947 514 991 κατὰ
535 948 686 992 brevis
713 949 946 994 interlucet
971 947 1096 992 arista
1113 962 1132 999 5

113 1024 242 1070 Prata
268 1028 468 1071 lacertofi
492 1027 691 1086 subigant
714 1029 875 1087 ignava
899 1028 1078 1097 iuyenci
1093 1044 1110 1074 z

112 1106 260 1151 Altius
288 1119 363 1152 aut
387 1109 532 1165 palam
556 1109 702 1153 nitens
728 1111 839 1166 pede
867 1107 1069 1155 Rusticus
1093 1106 1214 1153 arvis

113 1188 344 1246 Imprimat
359 1221 373 1244 ‚
398 1190 445 1234 &
467 1190 604 1234 vei-fis
627 1192 746 1234 coelo
775 1190 990 1235 radicibus
1007 1223 1022 1245 ‚
1048 1191 1231 1238 herbam

112 1270 316 1327 Extirpet
342 1270 536 1327 penitus.
560 1272 739 1316 Mutato
768 1271 936 1316 semine
959 1284 1076 1318 terra

112 1351 329 1395 Triticeas
355 1354 443 1395 alet
468 1351 639 1409 ingenti
665 1366 765 1396 cum
793 1352 947 1396 fenore
974 1352 1168 1408 meffes,'

113 1433 259 1490 Atque
284 1432 444 1476 iterum
469 1432 605 1476 viridi
628 1433 673 1476 se
700 1433 846 1477 laetior
868 1434 1020 1478 induet
1042 1434 1195 1480 herba.

173 1513 330 1557 Arenti
354 1527 467 1571 quos
491 1525 616 1571 prata
643 1511 792 1559 bibant
817 1514 958 1559 aestate
974 1547 988 1568 ‚
1013 1515 1184 1572 parabis

112 1596 230 1639 Ante
255 1595 374 1642 diem
398 1595 524 1640 rivos
543 1611 558 1647 ;
588 1595 632 1639 &
656 1595 1000 1640 decrescentibus
1025 1595 1168 1641 alveis

111 1677 319 1720 Arboreae
344 1677 514 1722 frondis
538 1677 950 1721 tenues-imitabere
976 1675 1151 1725 duetus.

111 1756 285 1814 Aspicis
309 1769 360 1803 ut
385 1772 502 1802 vena
526 1758 634 1802 fluat
659 1772 684 1802 e
710 1757 879 1813 majore
903 1761 1076 1804 canales

109 1839 166 1890 In
184 1838 398 1884 minimos
413 1870 426 1893 ‚
445 1838 733 1897 frondemque
752 1839 901 1897 liquor
917 1849 1125 1898 prorepat
1143 1836 1192 1884 in
1211 1836 1423 1900 omnem}

108 1920 308 1964 Editiore
331 1922 436 1964 loco
462 1919 520 1963 fic
545 1919 749 1978 grandior
778 1921 931 1964 alveus
960 1934 1136 1965 amnem

108 2000 285 2058 Accipit
300 2033 313 2054 ‚
341 2014 390 2044 ac
414 2000 526 2045 rivis
553 1999 657 2044 hinc
682 2000 783 2044 inde
807 2000 1054 2046 minoribus
1077 2003 1240 2052 undam
1306 2022 1309 2026 ·

108 2081 324 2139 Diffipat‚
353 2081 397 2125 &
421 2083 508 2125 late
535 2081 727 2127 fitientes
751 2081 903 2140 irrigat
930 2084 1103 2130 herbas.

109 2164 275 2221 Sparge
298 2162 454 2206 fimum
469 2195 483 2217 ‚
508 2162 705 2207 sublimis
724 2163 799 2206 ubi
819 2164 863 2206 se
890 2178 1069 2221 campus
1088 2165 1143 2208 ad
1160 2163 1343 2209 Austros

107 2244 249 2301 Erigit
276 2260 287 2288 :
313 2243 419 2287 hinc
445 2244 586 2287 imber
610 2243 790 2300 pluvius
817 2243 993 2301 rivique
1020 2246 1223 2290 cadentes

109 2323 304 2377 ,Acclivis
333 2323 540 2368 alimenta
563 2326 705 2369 ferent
727 2323 1005 2382 pinguissima
1029 2326 1175 2373 terris.

170 2406 236 2461 Te
253 2419 430 2464 quoque
448 2418 555 2450 vere
571 2415 751 2455 manent
767 2416 840 2452 tua
854 2419 957 2456 cura
968 2438 983 2461 ‚
998 2407 1152 2466 tuique
1167 2408 1338 2454 laben-es⁴
