<?xml version="1.0" encoding="UTF-8"?>
<!DOCTYPE html PUBLIC "-//W3C//DTD XHTML 1.0 Transitional//EN"
    "http://www.w3.org/TR/xhtml1/DTD/xhtml1-transitional.dtd">
<html xmlns="http://www.w3.org/1999/xhtml" xml:lang="en" lang="en">
 <head>
  <title>
</title>
<meta http-equiv="Content-Type" content="text/html;charset=utf-8" />
  <meta name='ocr-system' content='tesseract 3.04.00' />
  <meta name='ocr-capabilities' content='ocr_page ocr_carea ocr_par ocr_line ocrx_word'/>
</head>
<body>
  <div class='ocr_page' id='page_1' title='image "./praediumrusticum00vaniuoft_0033.png"; bbox 0 0 1500 2886; ppageno 0'>
   <div class='ocr_carea' id='block_1_1' title="bbox 574 231 1394 307">
    <p class='ocr_par' dir='ltr' id='par_1_1' title="bbox 574 231 1394 307">
     <span class='ocr_line' id='line_1_1' title="bbox 574 231 1394 307; baseline -0.001 -19"><span class='ocrx_word' id='word_1_1' title='bbox 574 233 868 290; x_wconf 78' lang='lat' dir='ltr'><em>LIBER</em></span> <span class='ocrx_word' id='word_1_2' title='bbox 941 231 990 290; x_wconf 82' lang='lat' dir='ltr'><em>L</em></span> <span class='ocrx_word' id='word_1_3' title='bbox 1355 247 1394 307; x_wconf 89' lang='lat'>9</span> 
     </span>
    </p>
   </div>
   <div class='ocr_carea' id='block_1_2' title="bbox 77 350 1426 2524">
    <p class='ocr_par' dir='ltr' id='par_1_2' title="bbox 150 350 1393 410">
     <span class='ocr_line' id='line_1_2' title="bbox 150 350 1393 410; baseline -0.004 -11"><span class='ocrx_word' id='word_1_4' title='bbox 150 355 263 410; x_wconf 80' lang='lat' dir='ltr'>Quae</span> <span class='ocrx_word' id='word_1_5' title='bbox 287 354 534 398; x_wconf 87' lang='lat' dir='ltr'>Dominum</span> <span class='ocrx_word' id='word_1_6' title='bbox 561 355 615 397; x_wconf 90' lang='lat' dir='ltr'>ad</span> <span class='ocrx_word' id='word_1_7' title='bbox 638 353 795 398; x_wconf 84' lang='lat' dir='ltr'>villam</span> <span class='ocrx_word' id='word_1_8' title='bbox 820 353 853 396; x_wconf 87' lang='lat' dir='ltr'><strong>fi</strong></span> <span class='ocrx_word' id='word_1_9' title='bbox 878 366 974 396; x_wconf 86' lang='lat' dir='ltr'>non</span> <span class='ocrx_word' id='word_1_10' title='bbox 998 350 1164 396; x_wconf 80' lang='lat' dir='ltr'>invitet</span> <span class='ocrx_word' id='word_1_11' title='bbox 1182 382 1195 403; x_wconf 87' lang='lat'>‚</span> <span class='ocrx_word' id='word_1_12' title='bbox 1225 351 1393 395; x_wconf 82' lang='lat' dir='ltr'>acerbis</span> 
     </span>
    </p>

    <p class='ocr_par' dir='ltr' id='par_1_3' title="bbox 148 431 1360 569">
     <span class='ocr_line' id='line_1_3' title="bbox 148 431 1360 491; baseline -0.002 -12"><span class='ocrx_word' id='word_1_13' title='bbox 148 437 190 478; x_wconf 88' lang='lat' dir='ltr'>N</span> <span class='ocrx_word' id='word_1_14' title='bbox 193 449 242 479; x_wconf 85' lang='lat' dir='ltr'>ec</span> <span class='ocrx_word' id='word_1_15' title='bbox 269 435 447 478; x_wconf 83' lang='lat' dir='ltr'>salebris</span> <span class='ocrx_word' id='word_1_16' title='bbox 477 435 631 479; x_wconf 82' lang='lat' dir='ltr'>saltem</span> <span class='ocrx_word' id='word_1_17' title='bbox 655 448 800 491; x_wconf 80' lang='lat' dir='ltr'>neque</span> <span class='ocrx_word' id='word_1_18' title='bbox 829 447 963 476; x_wconf 82' lang='lat' dir='ltr'>coeno</span> <span class='ocrx_word' id='word_1_19' title='bbox 993 431 1222 476; x_wconf 81' lang='lat' dir='ltr'>absterreat</span> <span class='ocrx_word' id='word_1_20' title='bbox 1250 434 1360 477; x_wconf 83' lang='lat' dir='ltr'>alto.</span> 
     </span>
     <span class='ocr_line' id='line_1_4' title="bbox 207 512 1256 569; baseline -0.005 -9"><span class='ocrx_word' id='word_1_21' title='bbox 207 518 277 560; x_wconf 88' lang='lat' dir='ltr'>Ne</span> <span class='ocrx_word' id='word_1_22' title='bbox 300 516 420 561; x_wconf 86' lang='lat' dir='ltr'>levia</span> <span class='ocrx_word' id='word_1_23' title='bbox 442 516 635 560; x_wconf 82' lang='lat' dir='ltr'>attendas</span> <span class='ocrx_word' id='word_1_24' title='bbox 646 547 666 569; x_wconf 79' lang='lat'><em>,</em></span> <span class='ocrx_word' id='word_1_25' title='bbox 697 527 747 558; x_wconf 88' lang='lat' dir='ltr'>ut</span> <span class='ocrx_word' id='word_1_26' title='bbox 775 512 1016 558; x_wconf 83' lang='lat' dir='ltr'>matutinus</span> <span class='ocrx_word' id='word_1_27' title='bbox 1036 522 1222 557; x_wconf 66' lang='lat' dir='ltr'>‘euntem</span> <span class='ocrx_word' id='word_1_28' title='bbox 1242 544 1256 566; x_wconf 89' lang='lat'>,</span> 
     </span>
    </p>

    <p class='ocr_par' dir='ltr' id='par_1_4' title="bbox 146 589 1098 651">
     <span class='ocr_line' id='line_1_5' title="bbox 146 589 1098 651; baseline -0.004 -11"><span class='ocrx_word' id='word_1_29' title='bbox 146 600 218 640; x_wconf 87' lang='lat' dir='ltr'>An</span> <span class='ocrx_word' id='word_1_30' title='bbox 243 598 375 642; x_wconf 83' lang='lat' dir='ltr'>radiis</span> <span class='ocrx_word' id='word_1_31' title='bbox 400 599 557 641; x_wconf 86' lang='lat' dir='ltr'>oculos</span> <span class='ocrx_word' id='word_1_32' title='bbox 582 596 650 638; x_wconf 86' lang='lat' dir='ltr'>sol</span> <span class='ocrx_word' id='word_1_33' title='bbox 677 595 904 651; x_wconf 85' lang='lat' dir='ltr'>obliquare</span> <span class='ocrx_word' id='word_1_34' title='bbox 928 589 1098 647; x_wconf 73' lang='lat' dir='ltr'>jubebit</span> 
     </span>
    </p>

    <p class='ocr_par' dir='ltr' id='par_1_5' title="bbox 147 674 1276 731">
     <span class='ocr_line' id='line_1_6' title="bbox 147 674 1276 731; baseline -0.006 -8"><span class='ocrx_word' id='word_1_35' title='bbox 147 680 237 723; x_wconf 88' lang='lat' dir='ltr'>Vel</span> <span class='ocrx_word' id='word_1_36' title='bbox 265 680 467 722; x_wconf 87' lang='lat' dir='ltr'>reducem</span> <span class='ocrx_word' id='word_1_37' title='bbox 490 678 663 721; x_wconf 83' lang='lat' dir='ltr'>labente</span> <span class='ocrx_word' id='word_1_38' title='bbox 688 675 760 719; x_wconf 86' lang='lat' dir='ltr'>die</span> <span class='ocrx_word' id='word_1_39' title='bbox 778 692 795 725; x_wconf 89' lang='lat'>·,</span> <span class='ocrx_word' id='word_1_40' title='bbox 823 690 931 719; x_wconf 88' lang='lat' dir='ltr'>num</span> <span class='ocrx_word' id='word_1_41' title='bbox 957 675 1156 731; x_wconf 83' lang='lat' dir='ltr'>fimplice</span> <span class='ocrx_word' id='word_1_42' title='bbox 1186 674 1276 717; x_wconf 89' lang='lat' dir='ltr'>ritu</span> 
     </span>
    </p>

    <p class='ocr_par' dir='ltr' id='par_1_6' title="bbox 146 754 1393 810">
     <span class='ocr_line' id='line_1_7' title="bbox 146 754 1393 810; baseline -0.003 -8"><span class='ocrx_word' id='word_1_43' title='bbox 146 759 316 803; x_wconf 69' lang='lat' dir='ltr'>Sti-usta</span> <span class='ocrx_word' id='word_1_44' title='bbox 331 759 489 802; x_wconf 85' lang='lat' dir='ltr'>domus</span> <span class='ocrx_word' id='word_1_45' title='bbox 501 789 514 810; x_wconf 85' lang='lat'>,</span> <span class='ocrx_word' id='word_1_46' title='bbox 531 756 687 803; x_wconf 86' lang='lat' dir='ltr'>crassis</span> <span class='ocrx_word' id='word_1_47' title='bbox 708 758 814 803; x_wconf 79' lang='lat' dir='ltr'>dum</span> <span class='ocrx_word' id='word_1_48' title='bbox 831 755 1056 803; x_wconf 79' lang='lat' dir='ltr'>moenibus</span> <span class='ocrx_word' id='word_1_49' title='bbox 1076 768 1224 801; x_wconf 82' lang='lat' dir='ltr'>arceat</span> <span class='ocrx_word' id='word_1_50' title='bbox 1243 754 1393 799; x_wconf 87' lang='lat' dir='ltr'>aestum</span> 
     </span>
    </p>

    <p class='ocr_par' dir='ltr' id='par_1_7' title="bbox 147 837 1261 899">
     <span class='ocr_line' id='line_1_8' title="bbox 147 837 1261 899; baseline -0.003 -16"><span class='ocrx_word' id='word_1_51' title='bbox 147 838 410 899; x_wconf 82' lang='lat' dir='ltr'>Frigoraque</span> <span class='ocrx_word' id='word_1_52' title='bbox 429 872 444 893; x_wconf 85' lang='lat'>,</span> <span class='ocrx_word' id='word_1_53' title='bbox 473 839 519 883; x_wconf 77' lang='grc' dir='ltr'>δι</span> <span class='ocrx_word' id='word_1_54' title='bbox 546 838 670 884; x_wconf 80' lang='lat' dir='ltr'>tenui</span> <span class='ocrx_word' id='word_1_55' title='bbox 698 853 792 883; x_wconf 81' lang='lat' dir='ltr'>uon</span> <span class='ocrx_word' id='word_1_56' title='bbox 814 837 1113 894; x_wconf 84' lang='lat' dir='ltr'>irreparabilis</span> <span class='ocrx_word' id='word_1_57' title='bbox 1142 851 1227 881; x_wconf 80' lang='lat' dir='ltr'>aere</span> <span class='ocrx_word' id='word_1_58' title='bbox 1248 870 1261 889; x_wconf 86' lang='lat'><strong>‚</strong></span> 
     </span>
    </p>

    <p class='ocr_par' dir='ltr' id='par_1_8' title="bbox 77 907 1296 978">
     <span class='ocr_line' id='line_1_9' title="bbox 77 907 1296 978; baseline -0.001 -15"><span class='ocrx_word' id='word_1_59' title='bbox 77 907 85 916; x_wconf 51' lang='lat'>⁸</span> <span class='ocrx_word' id='word_1_60' title='bbox 145 921 311 963; x_wconf 85' lang='lat' dir='ltr'>Laxior</span> <span class='ocrx_word' id='word_1_61' title='bbox 330 953 343 973; x_wconf 92' lang='lat'>,</span> <span class='ocrx_word' id='word_1_62' title='bbox 373 934 423 963; x_wconf 91' lang='lat' dir='ltr'>ac</span> <span class='ocrx_word' id='word_1_63' title='bbox 446 920 592 963; x_wconf 86' lang='lat' dir='ltr'>veteri</span> <span class='ocrx_word' id='word_1_64' title='bbox 622 933 804 978; x_wconf 79' lang='lat' dir='ltr'>quoque</span> <span class='ocrx_word' id='word_1_65' title='bbox 829 918 1053 974; x_wconf 79' lang='lat' dir='ltr'>majestate</span> <span class='ocrx_word' id='word_1_66' title='bbox 1079 920 1262 976; x_wconf 83' lang='lat' dir='ltr'>superba</span> <span class='ocrx_word' id='word_1_67' title='bbox 1283 951 1296 972; x_wconf 86' lang='lat'>,</span> 
     </span>
    </p>

    <p class='ocr_par' dir='ltr' id='par_1_9' title="bbox 142 1000 1225 1059">
     <span class='ocr_line' id='line_1_10' title="bbox 142 1000 1225 1059; baseline 0.001 -16"><span class='ocrx_word' id='word_1_68' title='bbox 142 1001 402 1059; x_wconf 87' lang='lat' dir='ltr'>Belligeram</span> <span class='ocrx_word' id='word_1_69' title='bbox 428 1000 589 1044; x_wconf 79' lang='lat' dir='ltr'>similet</span> <span class='ocrx_word' id='word_1_70' title='bbox 616 1000 737 1046; x_wconf 67' lang='lat' dir='ltr'>{offis</span> <span class='ocrx_word' id='word_1_71' title='bbox 765 1002 810 1046; x_wconf 71' lang='grc' dir='ltr'><strong>δί</strong></span> <span class='ocrx_word' id='word_1_72' title='bbox 837 1001 1031 1044; x_wconf 86' lang='lat' dir='ltr'>turribus</span> <span class='ocrx_word' id='word_1_73' title='bbox 1062 1015 1225 1044; x_wconf 86' lang='lat' dir='ltr'>arcem.</span> 
     </span>
    </p>

    <p class='ocr_par' dir='ltr' id='par_1_10' title="bbox 140 1080 1344 1383">
     <span class='ocr_line' id='line_1_11' title="bbox 203 1080 1283 1139; baseline 0.001 -16"><span class='ocrx_word' id='word_1_74' title='bbox 203 1082 250 1124; x_wconf 90' lang='lat' dir='ltr'>Si</span> <span class='ocrx_word' id='word_1_75' title='bbox 277 1084 436 1133; x_wconf 79' lang='lat' dir='ltr'>domus</span> <span class='ocrx_word' id='word_1_76' title='bbox 460 1082 521 1126; x_wconf 89' lang='lat' dir='ltr'>est</span> <span class='ocrx_word' id='word_1_77' title='bbox 548 1083 687 1126; x_wconf 78' lang='lat' dir='ltr'>fundo</span> <span class='ocrx_word' id='word_1_78' title='bbox 714 1082 856 1138; x_wconf 75' lang='lat' dir='ltr'>major</span> <span class='ocrx_word' id='word_1_79' title='bbox 872 1115 885 1135; x_wconf 83' lang='lat'>‚</span> <span class='ocrx_word' id='word_1_80' title='bbox 916 1082 1092 1139; x_wconf 81' lang='lat' dir='ltr'>potiere</span> <span class='ocrx_word' id='word_1_81' title='bbox 1118 1080 1283 1138; x_wconf 85' lang='lat' dir='ltr'>prioris</span> 
     </span>
     <span class='ocr_line' id='line_1_12' title="bbox 142 1161 1324 1221; baseline 0 -15"><span class='ocrx_word' id='word_1_82' title='bbox 142 1163 338 1206; x_wconf 70' lang='lat' dir='ltr'>Stultitia</span> <span class='ocrx_word' id='word_1_83' title='bbox 364 1162 587 1213; x_wconf 81' lang='lat' dir='ltr'>Domini3</span> <span class='ocrx_word' id='word_1_84' title='bbox 618 1161 755 1208; x_wconf 58' lang='lat' dir='ltr'>modi)</span> <span class='ocrx_word' id='word_1_85' title='bbox 783 1176 877 1207; x_wconf 85' lang='lat' dir='ltr'>non</span> <span class='ocrx_word' id='word_1_86' title='bbox 902 1163 1184 1221; x_wconf 81' lang='lat' dir='ltr'>gravioribus</span> <span class='ocrx_word' id='word_1_87' title='bbox 1211 1164 1324 1206; x_wconf 79' lang='lat' dir='ltr'>aedes</span> 
     </span>
     <span class='ocr_line' id='line_1_13' title="bbox 140 1245 1344 1302; baseline 0.001 -15"><span class='ocrx_word' id='word_1_88' title='bbox 140 1245 356 1300; x_wconf 86' lang='lat' dir='ltr'>Impenfis</span> <span class='ocrx_word' id='word_1_89' title='bbox 380 1257 528 1288; x_wconf 87' lang='lat' dir='ltr'>tueare</span> <span class='ocrx_word' id='word_1_90' title='bbox 553 1261 565 1289; x_wconf 88' lang='lat'>:</span> <span class='ocrx_word' id='word_1_91' title='bbox 593 1246 799 1302; x_wconf 81' lang='lat' dir='ltr'>frequens</span> <span class='ocrx_word' id='word_1_92' title='bbox 825 1256 899 1289; x_wconf 87' lang='lat' dir='ltr'>rus</span> <span class='ocrx_word' id='word_1_93' title='bbox 926 1260 1115 1302; x_wconf 84' lang='lat' dir='ltr'>namque</span> <span class='ocrx_word' id='word_1_94' title='bbox 1142 1245 1309 1289; x_wconf 85' lang='lat' dir='ltr'>revises</span> <span class='ocrx_word' id='word_1_95' title='bbox 1331 1276 1344 1296; x_wconf 88' lang='lat'>,</span> 
     </span>
     <span class='ocr_line' id='line_1_14' title="bbox 144 1324 1098 1383; baseline 0.001 -15"><span class='ocrx_word' id='word_1_96' title='bbox 144 1325 322 1370; x_wconf 79' lang='lat' dir='ltr'>Nobilis</span> <span class='ocrx_word' id='word_1_97' title='bbox 346 1326 542 1383; x_wconf 85' lang='lat' dir='ltr'>excipiat</span> <span class='ocrx_word' id='word_1_98' title='bbox 566 1340 692 1370; x_wconf 81' lang='lat' dir='ltr'>caros</span> <span class='ocrx_word' id='word_1_99' title='bbox 718 1326 751 1370; x_wconf 86' lang='lat' dir='ltr'>fi</span> <span class='ocrx_word' id='word_1_100' title='bbox 775 1325 885 1371; x_wconf 83' lang='lat' dir='ltr'>villa</span> <span class='ocrx_word' id='word_1_101' title='bbox 911 1324 1098 1370; x_wconf 84' lang='lat' dir='ltr'>sodales.</span> 
     </span>
    </p>

    <p class='ocr_par' dir='ltr' id='par_1_11' title="bbox 139 1406 1364 1710">
     <span class='ocr_line' id='line_1_15' title="bbox 199 1406 1236 1465; baseline 0 -15"><span class='ocrx_word' id='word_1_102' title='bbox 199 1409 293 1450; x_wconf 79' lang='lat' dir='ltr'>Nec</span> <span class='ocrx_word' id='word_1_103' title='bbox 310 1408 443 1453; x_wconf 88' lang='lat' dir='ltr'>refert</span> <span class='ocrx_word' id='word_1_104' title='bbox 461 1406 583 1465; x_wconf 72' lang='lat' dir='ltr'>qubd</span> <span class='ocrx_word' id='word_1_105' title='bbox 601 1421 718 1452; x_wconf 82' lang='lat' dir='ltr'>terra</span> <span class='ocrx_word' id='word_1_106' title='bbox 736 1409 820 1452; x_wconf 76' lang='lat' dir='ltr'>fitu</span> <span class='ocrx_word' id='word_1_107' title='bbox 839 1409 1048 1454; x_wconf 82' lang='lat' dir='ltr'>sordescit</span> <span class='ocrx_word' id='word_1_108' title='bbox 1069 1408 1201 1451; x_wconf 84' lang='lat' dir='ltr'>inerti</span> <span class='ocrx_word' id='word_1_109' title='bbox 1223 1441 1236 1461; x_wconf 84' lang='lat'>,</span> 
     </span>
     <span class='ocr_line' id='line_1_16' title="bbox 139 1488 1215 1550; baseline 0.003 -19"><span class='ocrx_word' id='word_1_110' title='bbox 139 1488 332 1532; x_wconf 82' lang='lat' dir='ltr'>Horrida</span> <span class='ocrx_word' id='word_1_111' title='bbox 351 1491 553 1548; x_wconf 63' lang='lat' dir='ltr'>neglet‘lo</span> <span class='ocrx_word' id='word_1_112' title='bbox 573 1492 744 1550; x_wconf 82' lang='lat' dir='ltr'>squalet</span> <span class='ocrx_word' id='word_1_113' title='bbox 765 1490 890 1549; x_wconf 74' lang='lat' dir='ltr'>qubd</span> <span class='ocrx_word' id='word_1_114' title='bbox 905 1491 1040 1535; x_wconf 77' lang='lat' dir='ltr'>vinea</span> <span class='ocrx_word' id='word_1_115' title='bbox 1060 1492 1181 1534; x_wconf 83' lang='lat' dir='ltr'>cultu</span> <span class='ocrx_word' id='word_1_116' title='bbox 1201 1524 1215 1542; x_wconf 83' lang='lat'>,</span> 
     </span>
     <span class='ocr_line' id='line_1_17' title="bbox 140 1570 1364 1629; baseline 0.002 -17"><span class='ocrx_word' id='word_1_117' title='bbox 140 1570 432 1628; x_wconf 84' lang='lat' dir='ltr'>Lymphaque</span> <span class='ocrx_word' id='word_1_118' title='bbox 460 1571 674 1616; x_wconf 83' lang='lat' dir='ltr'>filvestres</span> <span class='ocrx_word' id='word_1_119' title='bbox 702 1571 803 1617; x_wconf 76' lang='lat' dir='ltr'>fluit</span> <span class='ocrx_word' id='word_1_120' title='bbox 828 1571 1063 1616; x_wconf 85' lang='lat' dir='ltr'>infecunda</span> <span class='ocrx_word' id='word_1_121' title='bbox 1081 1585 1160 1629; x_wconf 82' lang='lat' dir='ltr'>per</span> <span class='ocrx_word' id='word_1_122' title='bbox 1176 1572 1333 1615; x_wconf 85' lang='lat' dir='ltr'>hortos</span> <span class='ocrx_word' id='word_1_123' title='bbox 1350 1604 1364 1623; x_wconf 87' lang='lat'>,</span> 
     </span>
     <span class='ocr_line' id='line_1_18' title="bbox 139 1650 1232 1710; baseline 0.005 -17"><span class='ocrx_word' id='word_1_124' title='bbox 139 1650 309 1695; x_wconf 85' lang='lat' dir='ltr'>Omnia</span> <span class='ocrx_word' id='word_1_125' title='bbox 328 1667 427 1710; x_wconf 81' lang='lat' dir='ltr'>quae</span> <span class='ocrx_word' id='word_1_126' title='bbox 447 1652 566 1698; x_wconf 84' lang='lat' dir='ltr'>facili</span> <span class='ocrx_word' id='word_1_127' title='bbox 585 1666 758 1710; x_wconf 86' lang='lat' dir='ltr'>reparat</span> <span class='ocrx_word' id='word_1_128' title='bbox 779 1655 903 1698; x_wconf 80' lang='lat' dir='ltr'>labor</span> <span class='ocrx_word' id='word_1_129' title='bbox 927 1668 1097 1698; x_wconf 85' lang='lat' dir='ltr'>annuus</span> <span class='ocrx_word' id='word_1_130' title='bbox 1122 1650 1232 1698; x_wconf 73' lang='lat' dir='ltr'>arte&#39;.</span> 
     </span>
    </p>

    <p class='ocr_par' dir='ltr' id='par_1_12' title="bbox 138 1733 1426 1791">
     <span class='ocr_line' id='line_1_19' title="bbox 138 1733 1426 1791; baseline 0 -17"><span class='ocrx_word' id='word_1_131' title='bbox 138 1733 270 1775; x_wconf 88' lang='lat' dir='ltr'>Hunc</span> <span class='ocrx_word' id='word_1_132' title='bbox 288 1747 386 1776; x_wconf 87' lang='lat' dir='ltr'>eme</span> <span class='ocrx_word' id='word_1_133' title='bbox 403 1747 534 1790; x_wconf 90' lang='lat' dir='ltr'>quem</span> <span class='ocrx_word' id='word_1_134' title='bbox 550 1734 740 1781; x_wconf 77' lang='lat' dir='ltr'>modicis</span> <span class='ocrx_word' id='word_1_135' title='bbox 756 1735 989 1780; x_wconf 84' lang='lat' dir='ltr'>meliorem</span> <span class='ocrx_word' id='word_1_136' title='bbox 1009 1734 1256 1791; x_wconf 77' lang='lat' dir='ltr'>sumptibus</span> <span class='ocrx_word' id='word_1_137' title='bbox 1273 1743 1426 1791; x_wconf 86' lang='lat' dir='ltr'>agrum</span> 
     </span>
    </p>

    <p class='ocr_par' dir='ltr' id='par_1_13' title="bbox 136 1812 1262 1874">
     <span class='ocr_line' id='line_1_20' title="bbox 136 1812 1262 1874; baseline 0.003 -19"><span class='ocrx_word' id='word_1_138' title='bbox 136 1812 338 1863; x_wconf 84' lang='lat' dir='ltr'>Efficias·,</span> <span class='ocrx_word' id='word_1_139' title='bbox 365 1815 442 1857; x_wconf 92' lang='lat' dir='ltr'>ubi</span> <span class='ocrx_word' id='word_1_140' title='bbox 461 1814 614 1859; x_wconf 57' lang='lat' dir='ltr'>cundia</span> <span class='ocrx_word' id='word_1_141' title='bbox 638 1814 794 1873; x_wconf 85' lang='lat' dir='ltr'>vigent</span> <span class='ocrx_word' id='word_1_142' title='bbox 811 1849 824 1869; x_wconf 91' lang='lat'>,</span> <span class='ocrx_word' id='word_1_143' title='bbox 852 1816 924 1860; x_wconf 91' lang='lat' dir='ltr'>ubi</span> <span class='ocrx_word' id='word_1_144' title='bbox 949 1815 1127 1874; x_wconf 85' lang='lat' dir='ltr'>grandia</span> <span class='ocrx_word' id='word_1_145' title='bbox 1151 1815 1262 1858; x_wconf 85' lang='lat' dir='ltr'>felix</span> 
     </span>
    </p>

    <p class='ocr_par' dir='ltr' id='par_1_14' title="bbox 138 1895 1228 1954">
     <span class='ocr_line' id='line_1_21' title="bbox 138 1895 1228 1954; baseline 0.001 -17"><span class='ocrx_word' id='word_1_146' title='bbox 138 1895 406 1953; x_wconf 86' lang='lat' dir='ltr'>Progenetat</span> <span class='ocrx_word' id='word_1_147' title='bbox 430 1895 625 1954; x_wconf 86' lang='lat' dir='ltr'>virgulta</span> <span class='ocrx_word' id='word_1_148' title='bbox 648 1897 793 1940; x_wconf 84' lang='lat' dir='ltr'>solum</span> <span class='ocrx_word' id='word_1_149' title='bbox 812 1929 825 1950; x_wconf 89' lang='lat'>,</span> <span class='ocrx_word' id='word_1_150' title='bbox 854 1897 1056 1954; x_wconf 87' lang='lat' dir='ltr'>folioque</span> <span class='ocrx_word' id='word_1_151' title='bbox 1081 1896 1228 1939; x_wconf 88' lang='lat' dir='ltr'>tenaci</span> 
     </span>
    </p>

    <p class='ocr_par' dir='ltr' id='par_1_15' title="bbox 133 1975 1164 2030">
     <span class='ocr_line' id='line_1_22' title="bbox 133 1975 1164 2030; baseline 0.002 -12"><span class='ocrx_word' id='word_1_152' title='bbox 133 1975 384 2020; x_wconf 84' lang='lat' dir='ltr'>Luxurians</span> <span class='ocrx_word' id='word_1_153' title='bbox 403 1976 542 2020; x_wconf 87' lang='lat' dir='ltr'>hiemi</span> <span class='ocrx_word' id='word_1_154' title='bbox 568 1976 652 2021; x_wconf 75' lang='lat' dir='ltr'>vix</span> <span class='ocrx_word' id='word_1_155' title='bbox 677 1979 806 2022; x_wconf 83' lang='lat' dir='ltr'>arbor</span> <span class='ocrx_word' id='word_1_156' title='bbox 830 1978 946 2022; x_wconf 80' lang='lat' dir='ltr'>cedit</span> <span class='ocrx_word' id='word_1_157' title='bbox 964 2011 976 2030; x_wconf 87' lang='lat'>,</span> <span class='ocrx_word' id='word_1_158' title='bbox 1007 1979 1050 2020; x_wconf 70' lang='grc' dir='ltr'>ὅτ</span> <span class='ocrx_word' id='word_1_159' title='bbox 1075 1977 1164 2021; x_wconf 68' lang='lat' dir='ltr'>alra</span> 
     </span>
    </p>

    <p class='ocr_par' dir='ltr' id='par_1_16' title="bbox 127 2057 1343 2103">
     <span class='ocr_line' id='line_1_23' title="bbox 127 2057 1343 2103; baseline 0.003 -5"><span class='ocrx_word' id='word_1_160' title='bbox 127 2058 224 2100; x_wconf 80' lang='lat' dir='ltr'>Sub</span> <span class='ocrx_word' id='word_1_161' title='bbox 245 2057 351 2101; x_wconf 86' lang='lat' dir='ltr'>nive</span> <span class='ocrx_word' id='word_1_162' title='bbox 371 2058 516 2102; x_wconf 86' lang='lat' dir='ltr'>servat</span> <span class='ocrx_word' id='word_1_163' title='bbox 535 2059 675 2102; x_wconf 83' lang='lat' dir='ltr'>adhuc</span> <span class='ocrx_word' id='word_1_164' title='bbox 693 2058 806 2103; x_wconf 85' lang='lat' dir='ltr'>rami</span> <span class='ocrx_word' id='word_1_165' title='bbox 824 2058 1070 2103; x_wconf 84' lang='lat' dir='ltr'>frondentis</span> <span class='ocrx_word' id='word_1_166' title='bbox 1090 2059 1312 2102; x_wconf 88' lang='lat' dir='ltr'>honorem</span> <span class='ocrx_word' id='word_1_167' title='bbox 1330 2073 1343 2102; x_wconf 72' lang='grc' dir='ltr'><strong>ε</strong></span> 
     </span>
    </p>

    <p class='ocr_par' dir='ltr' id='par_1_17' title="bbox 137 2136 1175 2197">
     <span class='ocr_line' id='line_1_24' title="bbox 137 2136 1175 2197; baseline 0.001 -16"><span class='ocrx_word' id='word_1_168' title='bbox 137 2136 317 2195; x_wconf 84' lang='lat' dir='ltr'>Pinguis</span> <span class='ocrx_word' id='word_1_169' title='bbox 338 2137 414 2180; x_wconf 88' lang='lat' dir='ltr'>ubi</span> <span class='ocrx_word' id='word_1_170' title='bbox 438 2139 483 2181; x_wconf 85' lang='lat' dir='ltr'>se</span> <span class='ocrx_word' id='word_1_171' title='bbox 510 2150 624 2188; x_wconf 80' lang='lat' dir='ltr'>terra</span> <span class='ocrx_word' id='word_1_172' title='bbox 647 2139 775 2183; x_wconf 83' lang='lat' dir='ltr'>brevi</span> <span class='ocrx_word' id='word_1_173' title='bbox 801 2149 1000 2196; x_wconf 83' lang='lat' dir='ltr'>reparata</span> <span class='ocrx_word' id='word_1_174' title='bbox 1027 2139 1175 2197; x_wconf 89' lang='lat' dir='ltr'>quiete</span> 
     </span>
    </p>

    <p class='ocr_par' dir='ltr' id='par_1_18' title="bbox 139 2217 1219 2277">
     <span class='ocr_line' id='line_1_25' title="bbox 139 2217 1219 2277; baseline 0.006 -18"><span class='ocrx_word' id='word_1_175' title='bbox 139 2217 346 2260; x_wconf 89' lang='lat' dir='ltr'>Restituit</span> <span class='ocrx_word' id='word_1_176' title='bbox 364 2250 376 2270; x_wconf 95' lang='lat'>‚</span> <span class='ocrx_word' id='word_1_177' title='bbox 407 2217 644 2277; x_wconf 85' lang='lat' dir='ltr'>paffimque</span> <span class='ocrx_word' id='word_1_178' title='bbox 668 2220 784 2263; x_wconf 85' lang='lat' dir='ltr'>finus</span> <span class='ocrx_word' id='word_1_179' title='bbox 813 2221 997 2264; x_wconf 87' lang='lat' dir='ltr'>fecunda</span> <span class='ocrx_word' id='word_1_180' title='bbox 1021 2220 1219 2265; x_wconf 84' lang='lat' dir='ltr'>virentes</span> 
     </span>
    </p>

    <p class='ocr_par' dir='ltr' id='par_1_19' title="bbox 139 2299 1238 2361">
     <span class='ocr_line' id='line_1_26' title="bbox 139 2299 1238 2361; baseline 0.004 -18"><span class='ocrx_word' id='word_1_181' title='bbox 139 2299 423 2343; x_wconf 84' lang='lat' dir='ltr'>Graminibus</span> <span class='ocrx_word' id='word_1_182' title='bbox 448 2301 558 2359; x_wconf 83' lang='lat' dir='ltr'>tegit</span> <span class='ocrx_word' id='word_1_183' title='bbox 584 2301 750 2357; x_wconf 74' lang='lat' dir='ltr'>injustis</span> <span class='ocrx_word' id='word_1_184' title='bbox 769 2335 781 2356; x_wconf 93' lang='lat'>,</span> <span class='ocrx_word' id='word_1_185' title='bbox 808 2303 1037 2361; x_wconf 82' lang='lat' dir='ltr'>facilisque</span> <span class='ocrx_word' id='word_1_186' title='bbox 1062 2303 1238 2347; x_wconf 86' lang='lat' dir='ltr'>moveri</span> 
     </span>
    </p>

    <p class='ocr_par' dir='ltr' id='par_1_20' title="bbox 133 2381 1369 2524">
     <span class='ocr_line' id='line_1_27' title="bbox 133 2381 1369 2442; baseline 0.002 -17"><span class='ocrx_word' id='word_1_187' title='bbox 133 2381 226 2425; x_wconf 86' lang='lat' dir='ltr'>Nec</span> <span class='ocrx_word' id='word_1_188' title='bbox 246 2381 449 2437; x_wconf 86' lang='lat' dir='ltr'>pluvium</span> <span class='ocrx_word' id='word_1_189' title='bbox 467 2396 588 2428; x_wconf 86' lang='lat' dir='ltr'>tenet</span> <span class='ocrx_word' id='word_1_190' title='bbox 606 2384 840 2428; x_wconf 87' lang='lat' dir='ltr'>humorem</span> <span class='ocrx_word' id='word_1_191' title='bbox 853 2418 864 2438; x_wconf 95' lang='lat'>,</span> <span class='ocrx_word' id='word_1_192' title='bbox 886 2399 1029 2442; x_wconf 85' lang='lat' dir='ltr'>neque</span> <span class='ocrx_word' id='word_1_193' title='bbox 1050 2384 1232 2428; x_wconf 85' lang='lat' dir='ltr'>finditur</span> <span class='ocrx_word' id='word_1_194' title='bbox 1251 2384 1369 2430; x_wconf 81' lang='lat' dir='ltr'>aestu.</span> 
     </span>
     <span class='ocr_line' id='line_1_28' title="bbox 191 2462 1255 2524; baseline 0.004 -18"><span class='ocrx_word' id='word_1_195' title='bbox 191 2462 279 2508; x_wconf 86' lang='lat' dir='ltr'>Sed</span> <span class='ocrx_word' id='word_1_196' title='bbox 305 2476 359 2509; x_wconf 85' lang='lat' dir='ltr'>ne</span> <span class='ocrx_word' id='word_1_197' title='bbox 383 2462 524 2519; x_wconf 83' lang='lat' dir='ltr'>prima</span> <span class='ocrx_word' id='word_1_198' title='bbox 550 2464 634 2512; x_wconf 86' lang='lat' dir='ltr'>soli</span> <span class='ocrx_word' id='word_1_199' title='bbox 662 2465 795 2512; x_wconf 87' lang='lat' dir='ltr'>facies</span> <span class='ocrx_word' id='word_1_200' title='bbox 821 2466 1056 2524; x_wconf 87' lang='lat' dir='ltr'>imponat;</span> <span class='ocrx_word' id='word_1_201' title='bbox 1084 2468 1135 2510; x_wconf 81' lang='lat' dir='ltr'>ab</span> <span class='ocrx_word' id='word_1_202' title='bbox 1165 2469 1255 2511; x_wconf 83' lang='lat' dir='ltr'>alto</span> 
     </span>
    </p>
   </div>
  </div>
 </body>
</html>
