1482 2834
435 246 532 305 ιι
560 261 603 304 Β
627 255 734 304 εκ
797 242 1036 303 XV1.‘
1220 238 1331 319 381

98 349 314 409 Optimus
338 349 415 394 hic
439 350 546 394 vitae
576 349 735 392 modus
763 348 808 391 &
834 346 1039 395 mensura
1060 345 1199 396 beatae
1221 344 1312 399 est,

100 433 178 476 Nil
202 431 359 475 vidisse
377 464 391 485 ,
416 431 506 475 suis
533 430 693 474 melius
723 428 789 473 nil
817 429 1002 484 noscere
1027 426 1194 486 regnis.

163 513 224 555 At
247 526 392 570 neque
413 511 600 556 difficilis
626 510 922 570 quaerentibus
947 510 1160 555 hinnulus
1180 525 1195 555 z
1216 523 1316 553 oras

103 596 309 652 Namque
334 609 415 651 per
442 606 662 638 extremas
681 606 917 636 nemorum
945 591 1060 636 solet
1082 592 1212 635 edere
1235 590 1353 635 fetus

107 678 254 720 Cerva
278 677 381 720 suos
398 708 414 730 ,
437 675 515 719 ubi
538 676 659 718 nulla
685 675 783 731 lupi
811 673 996 732 vestigia
1025 672 1199 723 cernit;

107 759 258 813 Quem
278 770 413 815 pavet
429 756 638 814 inprimis
662 756 807 801 furem
832 770 914 813 per
939 768 1079 812 opaca
1100 759 1358 814 vagantem&

107 841 225 898 Ergo
254 842 396 883 latens
421 840 509 882 alta
533 849 724 883 venator
753 838 808 880 ab
833 835 937 880 ilice
962 815 1142 880 cei-Qum

109 919 364 978 Despiciat‚
387 933 526 978 quum
549 921 651 963 laeta
674 918 780 963 suos
806 919 862 962 ad
886 917 1045 975 pascua
1074 928 1206 962 natos

109 1001 323 1046 Producit
346 1017 361 1055 ;
386 1000 643 1058 saturosque
672 999 804 1044 docet
827 999 934 1042 saxa
961 997 1097 1042 obvia
1121 998 1301 1044 cursum

111 1082 169 1126 Et
194 1074 374 1127 frutices
401 1082 644 1139 foveasque
671 1080 767 1125 levi
793 1079 1088 1124 transmittere
1112 1079 1224 1123 saltu
1238 1095 1256 1124 ε

115 1165 294 1207 Natales
322 1164 483 1221 repetit
510 1176 647 1206 cunas
677 1161 874 1206 exercita
902 1161 1030 1205 cursu

117 1245 358 1304 Progenies
374 1277 387 1299 ‚
410 1244 611 1304 nigrante
632 1257 792 1300 parens
814 1257 946 1301 quam
964 1240 1166 1302 contegit
1180 1241 1364 1293 umbra}

118 1328 206 1370 Sed
225 1325 389 1370 virium
411 1325 472 1369 est
495 1324 693 1380 juvenile
714 1357 728 1377 ‚
753 1323 829 1368 diu
853 1337 948 1368 non
972 1322 1096 1381 poffe
1122 1323 1281 1382 quieto

121 1407 247 1450 Stare
274 1408 398 1452 loco.
426 1406 638 1451 Celebres
664 1406 799 1450 saltus
815 1437 830 1460 ‚
856 1397 1039 1463 pertaesa
1063 1418 1272 1463 penatum
1289 1436 1307 1459 ,

121 1488 237 1531 Cum
257 1487 433 1545 paribus
450 1489 643 1545 gaudens
663 1487 887 1530 colludere
908 1499 1039 1532 cerva
1055 1519 1068 1539 ,
1090 1486 1370 1543 frequentata¹

123 1571 270 1628 Atque
297 1571 402 1614 suos
418 1602 431 1622 ‚
458 1581 651 1612 matrum
678 1567 1043 1614 confidentiffi'ma
1059 1600 1073 1622 ,
1097 1569 1247 1624 pullos

127 1653 183 1695 Se
210 1654 368 1708 procul
389 1651 496 1694 hinc
522 1652 697 1695 absente
711 1663 866 1709 putat,
889 1652 966 1695 vel
991 1652 1126 1709 longa
1146 1663 1374 1702 morarum

130 1732 282 1777 ‘radia
307 1730 431 1789 pofi‘e
456 1731 549 1789 pati
566 1764 580 1786 ‚
604 1734 681 1776 vel
709 1731 874 1776 inertes
901 1733 1059 1777 ducere
1086 1732 1292 1779 somnos.

130 1813 366 1859 Profiliens
391 1810 569 1857 latebris
589 1812 846 1871 >improvida
870 1813 994 1856 turba
1012 1844 1027 1867 ,
1052 1826 1249 1870 paratos.

130 1894 291 1939 Incidit
318 1894 367 1937 in
391 1893 524 1938 caffes
552 1909 567 1945 3
594 1893 890 1954 lacrymisque
915 1893 1162 1940 miserrima
1187 1894 1297 1940 seris

134 1976 231 2019 Flet
254 1975 453 2034 genitrix
475 1987 630 2033 raptos
650 2008 667 2033 ,
687 1975 899 2021 carissima
922 1975 1109 2035 pignora
1126 2008 1141 2030 ,
1164 1976 1299 2022 fetus.

200 2057 355 2100 Secula
368 2088 383 2111 ,
398 2056 641 2102 Lamonide
657 2090 671 2111 ,
689 2057 848 2102 vivant
865 2071 1003 2116 quum
1022 2057 1212 2115 plurima
1229 2056 1381 2113 cervia

139 2140 210 2185 Ne
232 2139 369 2181 lateat
395 2138 516 2182 seros
540 2150 647 2183 aetas
672 2139 876 2183 diuturna
900 2151 1087 2197 nepotes
1106 2171 1122 2195 ‚

144 2219 194 2264 Si
222 2220 369 2276 placet
392 2219 608 2263 hinnuleo
632 2231 839 2278 torquem
863 2219 1131 2264 circumdare
1154 2222 1307 2277 colloj

147 2301 256 2345 Haec
285 2300 436 2357 paucis
462 2300 591 2358 super
614 2301 845 2345 inscribam
875 2317 888 2345 t
919 2299 1017 2343 Tum
1040 2300 1165 2344 vivere
1192 2306 1288 2359 coepi
1303 2333 1323 2353 ,

156 2380 291 2441 Quum
311 2385 384 2437 pia
408 2380 623 2423 lamonites
639 2396 851 2439 properans
870 2385 934 2424 νὶν
955 2384 1011 2424 ad
1032 2397 1140 2424 arma
1162 2389 1354 2446 rogatusg‘

152 2462 344 2512 Edomuit
358 2462 449 2519 fira
470 2463 635 2518 monstra
648 2494 664 2516 ,
682 2462 795 2525 jugis
818 2475 939 2512 enata
963 2461 1186 2519 Gebmnisfi
