1500 2886
557 227 851 285 LIBER
906 227 1023 285 IV.
1295 226 1412 286 101⁴

233 322 513 385 Quamquam
523 341 618 373 non
627 328 781 373 fileant
789 330 924 389 longa
933 327 1048 374 inter
1055 328 1169 374 bella
1181 328 1408 374 Camoenae

171 403 365 464 'Auspice
390 408 614 467 Bignonio
630 441 645 461 ,
674 409 753 466 qui
781 407 889 452 sacri
913 408 1034 467 regia
1057 408 1184 453 Pindi

173 487 357 544 Sceptra
370 501 525 534 tenens
533 521 548 543 ,
563 488 679 533 idem
690 488 848 532 Phoebi
857 489 1169 548 Themidisque
1180 489 1410 542 sacerdosfl

175 568 334 612 Clarus
359 569 456 612 avis
471 601 487 623 ‚
510 568 692 627 propria
712 567 856 624 major
879 569 954 615 sed
977 571 1135 623 laude,
1159 569 1318 613 Poetas

175 647 323 692 Ornat
340 682 355 703 ,
387 650 432 694 δι
457 649 669 708 ingenuas
694 650 810 694 curis
837 650 1114 708 amplectitur
1140 661 1272 697 artes,

173 728 299 773 Illius
327 728 517 775 auxilio
525 731 616 774 sese
640 731 808 774 Natura
830 730 1068 774 videndam

173 810 396 868 Detegit
382 825 431 854 in
454 810 648 868 plantis;
680 811 822 855 oculis
849 825 944 856 non
969 811 1092 855 invia
1120 808 1279 855 nostris

172 888 324 933 Sidera
347 890 589 945 metimur,
624 905 759 954 caecas
784 892 1026 936 scrutamur
1050 905 1260 949 aquarum

172 968 515 1029 'Ventorumque
539 972 674 1027 vias,
702 972 928 1030 expreffos
954 986 1172 1017 marmore
1196 973 1349 1016 vultus

175 1050 415 1096 Reddimus
435 1084 449 1106 ,
472 1066 522 1096 ac
537 1053 683 1098 veteri
699 1068 831 1112 quem
851 1054 1026 1100 Graecia
1043 1054 1175 1110 jastat
1193 1051 1341 1111 Apelli

176 1132 361 1185 Nostra,
395 1133 655 1178 vetustatem
682 1148 869 1192 praeter.
900 1136 1012 1180 nihil
1036 1135 1207 1179 invidet
1231 1146 1336 1178 aetas
1356 1147 1371 1177 t

177 1213 234 1257 Et
254 1213 406 1269 patriae
426 1227 573 1258 novus
590 1214 728 1272 usque
744 1217 872 1272 lepos
892 1247 905 1268 ‚
927 1228 1046 1258 nova
1064 1214 1201 1273 gratia
1217 1213 1380 1272 linguae

176 1292 365 1337 Acceffit
383 1326 398 1345 ‚
430 1295 539 1338 duce
566 1293 823 1352 Bignoni03
854 1309 938 1338 nec
966 1293 1097 1338 latius
1126 1307 1247 1337 arma

176 1372 327 1432 Quam
352 1374 568 1418 sermonis
594 1388 702 1432 opes
728 1386 829 1418 toto
855 1373 1106 1418 diffudimus
1136 1375 1260 1420 orbe.

240 1455 326 1499 Sed
343 1468 427 1499 nos
448 1454 616 1504 interea
637 1455 826 1512 pecudes
848 1455 892 1500 &
914 1469 1012 1498 rura
1030 1456 1260 1512 sequamur
1277 1469 1292 1499 ε

176 1536 452 1595 Purgandum
471 1524 673 1580 canerem
691 1536 835 1579 vellus
854 1533 1091 1591 calidisque
1110 1535 1373 1579 trahendum

178 1615 430 1661 pectinibus
450 1648 463 1668 ,
488 1629 571 1660 nec
595 1615 729 1672 pensa
754 1614 867 1658 colis
890 1613 1070 1658 deducta
1088 1611 1257 1658 silerem
1274 1647 1290 1666 .

179 1696 376 1752 Quoque
395 1697 530 1739 modo
548 1694 674 1738 filum
692 1695 845 1739 varios
865 1697 1130 1753 glomeratur
1149 1694 1198 1738 in
1222 1696 1349 1740 orbes
1368 1708 1386 1756 5

180 1776 484 1833 Insertamque
501 1775 595 1819 levi
613 1775 735 1819 radio
755 1807 769 1828 ,
802 1774 1049 1833 digitosque
1069 1773 1294 1820 remiffum

180 1854 425 1899 Mobilibus
444 1888 458 1909 ,
487 1858 625 1912 plexo
651 1856 803 1899 densat
826 1853 1097 1913 subtegmina
1122 1867 1263 1903 tortu.

179 1936 375 1979 Forfitan
401 1937 444 1980 &
473 1935 596 1992 potis
623 1938 767 1980 lanam
794 1935 1034 1979 medicarer
1063 1935 1214 1978 ahenis
1233 1967 1249 1989 ,

179 2016 368 2061 Sidonio
393 2017 560 2074 fulgere
585 2017 750 2060 docens
774 2017 848 2059 vel
875 2014 1043 2058 murice
1061 2047 1074 2068 ,
1102 2016 1224 2059 fusco

183 2097 274 2140 Vel
299 2096 463 2140 flavere
488 2094 622 2139 croco
644 2127 659 2149 ,
681 2107 756 2138 aut
780 2092 885 2138 atris
911 2094 1152 2152 nigrescere
1177 2094 1355 2157 succisi

181 2179 271 2222 Vel
302 2175 554 2234 ferrugineo
583 2174 717 2219 violae
747 2175 910 2232 pallere
940 2176 1109 2220 colore.

182 2256 425 2302 Lanificam
451 2256 525 2300 sed
549 2269 645 2299 non
667 2254 807 2299 deerit
835 2254 912 2312 qui
938 2254 1145 2299 mollibus
1171 2267 1310 2302 artem

186 2336 465 2382 Carminibus
490 2338 679 2381 celebret
702 2348 859 2387 vater,
889 2337 933 2380 &
956 2335 1143 2393 pectinis
1167 2336 1271 2380 unci

185 2418 276 2466 Vel
294 2416 497 2479 Phrygiae
514 2418 767 2467 moderator
784 2416 885 2464 acsts
902 2447 915 2474 ,
945 2416 1144 2463 imitetur
1162 2416 1347 2475 agreste·

1054 2496 1098 2544 G
1133 2494 1184 2558 iij
