1482 2834
97 260 212 305 222·
331 247 667 304 Pasa-1211
711 246 1088 303 Rvsrtct

91 349 203 393 Sunt
229 346 324 392 aliae
350 347 485 391 semel
510 347 666 391 excifis
692 361 790 405 quae
812 345 1039 391 frondibus
1065 345 1220 400 arent}

89 429 391 487 Demessaque
417 429 545 472 coma
569 428 648 472 stat
676 440 855 471 truncus
879 425 1059 470 inutilis
1085 438 1209 484 agro.

89 512 202 555 Sunt
217 510 378 567 quibus
393 510 531 567 usque
546 508 658 553 redit
675 522 794 552 nova
807 508 932 552 frons
949 538 963 559 ‚
983 505 1209 563 multaque
1226 507 1430 561 colonum
1480 526 1482 532 π

89 590 231 634 Meffe
254 591 400 636 beant.
427 589 562 635 Molli
587 603 705 634 nunc
730 588 830 648 figit
856 587 1053 632 oluscula
1077 599 1202 632 terra‘.
1478 571 1482 582 ¹

87 670 269 716 Intactis
296 671 435 716 olitor
456 670 612 720 foliis·,
638 683 755 713 nunc
780 670 938 715 fronde
962 667 1126 712 resecta

87 754 253 799 Succus
278 764 327 795 ut
353 751 534 796 uberior
562 750 742 808 stirpem
766 761 951 807 cogatur
976 749 1030 792 ad
1053 749 1188 793 imam
1207 780 1222 803 ‚

86 834 271 878 Mandat
296 833 426 893 agris.
454 828 627 878 Plantas
652 832 739 876 una
769 831 942 875 ratione
958 862 975 886 ,
1005 841 1086 876 nec
1109 845 1266 875 omnes

86 916 258 960 Evocat
282 915 330 958 in
353 915 502 960 semen
519 947 534 969 ,
558 915 795 974 generique
818 913 1023 959 immittit
1046 914 1263 956 habendo.

148 997 362 1040 Praeterea
387 1004 524 1055 genus
547 997 663 1040 haud
686 1007 824 1040 unum
847 998 1049 1054 betaque·
1070 993 1244 1038 rubenti
1261 1025 1275 1047 ,

88 1079 430 1135 Candidulaeque
456 1095 467 1124 :
494 1079 590 1122 suas
617 1078 776 1122 meniis
803 1075 881 1122 alit
906 1079 1042 1121 altera
1065 1077 1242 1121 frondes
1259 1107 1274 1130 ,

90 1165 241 1206 Altera
267 1161 487 1210 radicem·,
515 1159 778 1219 genitalibus
803 1172 988 1217 utraque
1012 1157 1145 1202 sulcis

90 1244 249 1288 Danda
267 1275 281 1297 ,
309 1253 527 1287 coronato
560 1256 697 1300 quum
723 1241 894 1285 vertice
924 1240 1086 1284 Punica
1110 1239 1252 1282 malus

91 1324 263 1370 Prodiit
280 1357 293 1377 ‚
327 1325 371 1368 &
396 1324 526 1367 roseo
554 1325 710 1380 procul
735 1322 894 1366 emicat
922 1321 1050 1380 ignea
1075 1320 1204 1366 flore.

151 1407 248 1450 Nec
272 1406 355 1449 tibi
379 1405 554 1449 laCtucae
579 1405 735 1448 faciem
761 1404 991 1447 nascentur
1015 1403 1063 1446 in
1077 1405 1248 1447 unam:

91 1488 241 1532 Altera
264 1501 361 1544 quae
386 1487 587 1530 cochleas
611 1485 732 1530 foliis
759 1485 955 1528 imitatur
970 1516 983 1538 ,
1009 1484 1217 1542 aquosam

89 1570 191 1616 Fert
207 1568 399 1612 hiemem
417 1585 428 1612 ε
451 1569 644 1613 medium
662 1581 741 1625 per
758 1567 802 1611 se
821 1579 952 1623 caput
970 1568 1104 1609 altera
1123 1567 1268 1623 plexis

86 1651 332 1696 Frondibus
350 1651 557 1695 involvet
573 1683 586 1703 ‚
607 1649 883 1706 solidumque
902 1647 1088 1691 tumebit
1103 1647 1151 1690 in
1169 1648 1324 1692 orbem

85 1735 303 1778 Dentatas
332 1733 516 1790 crispata
540 1745 721 1782 comas3
750 1732 843 1774 haec
872 1743 978 1773 vere
1003 1719 1174 1787 tepenti

85 1817 316 1867 Nascitur,
343 1815 519 1859 aestivos
543 1817 702 1858 tolerat
727 1814 927 1856 Romana
955 1813 1140 1856 calores.

84 1901 118 1954 ,ἱ
148 1900 261 1943 Sunt
279 1898 410 1941 etiam
431 1896 535 1954 napi
552 1908 712 1939 teretes
733 1927 746 1947 ,
766 1894 1033 1951 raphanique
1049 1927 1063 1945 ,
1091 1893 1257 1938 sativus

85 1982 142 2025 Et
161 1980 279 2024 rudis
296 1981 524 2038 asparagus
543 2011 556 2031 ‚
581 1977 818 2035 capitatum
840 1976 884 2019 δε
902 1975 1048 2020 sectile
1067 1989 1249 2033 porrum
1269 2008 1283 2028 ,

86 2062 287 2120 Longior
313 2062 356 2105 &
385 2063 538 2118 patulo
563 2059 742 2103 visenda
767 2059 988 2103 cucurbita
1011 2070 1185 2102 ventre.

86 2144 240 2201 Longa
256 2145 384 2201 super
398 2126 587 2187 carneras
603 2153 745 2199 reptat
762 2173 775 2195 ,
801 2142 876 2184 vel
891 2142 943 2184 ab
958 2142 1109 2184 arbore
1127 2137 1313 2184 fructum

87 2225 302 2269 Demittit
317 2260 330 2281 ,
360 2226 549 2269 docilem
573 2224 698 2283 pueri
724 2236 855 2280 quem
882 2222 1047 2266 cortice
1069 2219 1213 2279 press'o

89 2308 314 2353 Funiculis
341 2320 506 2367 cogunt
529 2308 577 2350 in
601 2304 806 2363 quassibet
832 2305 895 2347 ire
919 2303 1096 2361 figuras·

89 2392 220 2434 Nunc
239 2389 344 2433 solis
369 2391 513 2433 radios
532 2387 703 2447 fingunt
721 2419 734 2440 ,
755 2387 983 2443 tortosque
1003 2387 1211 2428 dracones
1231 2396 1247 2432 3

89 2476 218 2520 Nunc
232 2471 625 2531 superinscriptum
640 2470 826 2531 gaudent
837 2467 1114 2514 concrescere
1130 2474 1309 2510 nomen.
