1500 2886
117 297 194 373 84
355 299 687 358 PRAEDJJ
733 290 1103 357 Rvs'rtct

119 400 298 454 Quanta
322 399 441 443 dedit
467 403 478 445 ἔ
505 399 621 443 tanti
642 398 726 442 fint
748 399 842 442 haec
867 398 1022 443 solatia
1043 397 1183 444 lustfis
1202 407 1225 455 ⁴,

115 480 345 536 Exemplis
372 479 495 539 quod
521 481 612 524 dira
637 483 732 525 lues
759 479 993 523 illustribus
1018 480 1143 524 auxit
1171 464 1180 471 ¹

113 560 358 618 Antiquum
382 561 486 606 fidei
510 576 630 619 purae
657 563 823 612 decus·,
855 573 986 618 atque
1011 561 1200 606 recentis

114 642 346 686 Haereseos
372 643 541 687 fraudes
564 675 577 696 ,
610 644 654 686 &
680 644 700 700 (
720 642 968 701 relligionis
994 642 1158 687 amictu

115 722 229 778 Quae
253 724 454 782 tegitur)
483 724 641 769 faciem
666 725 846 783 populis
866 725 1053 769 ostendit
1078 734 1295 782 apertam.

170 803 341 857 Vidit,
368 805 412 848 δι
437 805 486 848 in
510 804 693 848 summis
721 806 823 849 urbs
851 806 1043 849 desolata
1070 805 1249 862 periclis

116 884 303 928 Horruit
331 886 545 930 abfimiles
570 886 697 931 dictis
723 886 932 945 factisque
955 886 1211 945 magistros,
1290 936 1298 945 ⁶

117 964 352 1021 Splendida
379 965 586 1020 jactantes
615 966 766 1025 rigidae
793 968 1019 1021 mendacia
1045 967 1169 1012 sestae
1188 999 1207 1020 ,

119 1046 325 1090 Indeeori
352 1046 500 1091 victos
531 1047 663 1104 pestis
692 1047 930 1091 formidine
947 1080 960 1101 ,
992 1047 1136 1092 vitam

119 1127 288 1185 Ignavfi
314 1126 504 1184 quaefiss'e
532 1127 635 1185 fug&
652 1160 665 1180 ,
697 1127 866 1172 latuiss‘e
890 1130 967 1171 vel
995 1128 1111 1171 intra

121 1207 261 1259 Testa
285 1207 472 1257 domfis3
499 1208 640 1251 donec
669 1208 786 1252 sacer
813 1208 908 1252 auri
934 1209 1065 1251 corde
1091 1207 1303 1253 timorem'

124 1288 274 1332 Solvit
302 1302 427 1332 amor
442 1321 455 1342 ,
480 1287 729 1345 viduosque
753 1289 864 1331 lares
888 1288 1052 1332 intrare
1077 1274 1225 1348 coegit
1246 1322 1262 1342 ,

123 1369 340 1414 Pestiferis
369 1370 507 1413 fortes
531 1369 719 1411 haeredia
746 1370 836 1412 feta
862 1370 1054 1414 venenis-

125 1449 338 1506 Accipere
357 1481 369 1502 ,
396 1459 526 1505 atque
547 1447 737 1491 animam
755 1449 1011 1507 generosam
1031 1449 1285 1506 impendere
1303 1451 1458 1509 lucroffl

188 1531 359 1572 Interea
385 1540 559 1572 veteres
587 1528 697 1572 ritus
727 1541 856 1586 atque
883 1543 1011 1572 aurea
1039 1531 1262 1586 quondam
1451 1515 1455 1518 γ

131 1611 354 1666 Tempora
380 1608 665 1653 Christiadum
691 1609 768 1666 qui
792 1608 1018 1652 nescivere
1042 1611 1060 1666 (
1083 1611 1305 1655 Catonum

132 1693 198 1736 Ut
214 1706 334 1734 nova
348 1692 474 1734 turba
490 1690 607 1735 canit
624 1690 643 1746 )
665 1690 742 1748 qui
760 1691 964 1749 dogmata
979 1691 1077 1734 laxa
1093 1691 1331 1748 sequuntur
1348 1702 1367 1751 ἦ
1450 1736 1453 1750 -,

132 1772 474 1829 Culcitrulisque
504 1771 655 1829 jugum
682 1770 839 1814 Christi
863 1770 1038 1814 mollire
1063 1772 1262 1815 laborant
1281 1805 1295 1825 ,
1450 1759 1454 1770 ¹

133 1853 379 1898 Devovere
409 1853 576 1895 animas
603 1851 784 1908 populis
811 1867 822 1895 ε
849 1851 1072 1908 utrimque
1099 1851 1322 1909 frequenti

136 1933 328 1992 Agmine
351 1931 582 1976 Maffiliam
606 1943 844 1989 properant
862 1965 874 1985 ‚
905 1932 995 1990 quo
1021 1933 1113 1975 soia
1135 1935 1326 1979 vocabat

136 2013 332 2072 Relligio
357 2013 580 2070 pietasque
607 2011 732 2055 viros
751 2045 764 2065 ,
798 2013 841 2055 &
867 2012 1015 2055 nobile
1040 2012 1190 2057 funus.

140 2094 398 2152 Praecipites
419 2108 544 2137 mora
562 2095 680 2137 nulla
698 2105 821 2136 tenet
840 2109 852 2138 t
874 2094 994 2150 quod
1011 2107 1180 2136 carcere
1198 2105 1331 2150 rupto

143 2178 257 2219 Sons
277 2176 448 2233 fugiens
468 2173 676 2217 timuifl‘et
694 2206 706 2225 ‚
734 2173 818 2215 iter
835 2187 913 2228 per
932 2172 1116 2215 flumina
1137 2185 1336 2230 quaerunt
1357 2190 1374 2224 ·,

142 2256 451 2301 Necdubitant
474 2254 582 2311 (via
601 2268 695 2311 quae
717 2252 794 2295 fibi
813 2252 905 2294 visa
926 2251 1202 2310 breviffima)
1225 2253 1373 2298 vastos
1439 2290 1442 2293 .

145 2336 300 2380 Amnis
329 2335 549 2392 inexperti
572 2336 716 2377 nando
749 2347 1031 2389 perrumpere
1061 2332 1218 2376 fluetus
1237 2365 1252 2387 ‚

144 2418 199 2461 Et
229 2415 391 2472 duplici
419 2417 556 2460 fortes
585 2407 750 2458 animas
781 2414 1057 2458 committere
1083 2413 1192 2458 fato.

203 2497 527 2555 Monspelium‚
545 2496 656 2553 petit
670 2495 783 2542 unde
798 2508 936 2555 genus
951 2497 1140 2544 mortale
1156 2495 1343 2540 salutem
1358 2524 1376 2555 ².
