1482 2834
0 267 11 330 a,

433 263 740 323 'Lmen
812 260 1016 321 VIII.
1233 271 1345 343 195

105 360 406 410 'Communem
422 368 561 426 rapiat
577 366 697 427 quod
714 367 891 412 edacior
907 368 1044 411 altera
1057 363 1234 409 succum
1251 378 1266 411 a
1312 408 1316 413 ,

105 447 301 491 Hei-bam
324 463 418 492 non
442 449 540 494 aliis
566 448 776 494 interficit
801 448 932 492 herba
957 445 1161 492 venenis.

169 529 338 574 Omnia
365 530 461 587 post
487 530 646 581 imbres
673 529 866 589 gravidis
890 529 1062 574 felicius
1086 526 1206 572 arvis

107 611 289 655 Semina
314 612 580 656 nascuntur:
607 606 715 656 sudo
739 610 890 656 tamen
913 610 1076 659 aethere
1103 610 1240 653 nubes

106 691 156 735 Si
178 692 406 743 steterint3
433 704 515 736 nec
539 703 662 736 curet
685 692 811 739 humi
837 690 1021 735 fitientis
1036 689 1241 749 [amicum

104 773 159 816 In
183 773 399 831 gremium
423 775 529 816 laeto
555 773 813 816 descendere
839 771 1013 828 Jupiter
1037 770 1208 820 imbre·,

104 853 181 896 Nil
205 854 355 897 dubita
378 853 500 898 ficcis
527 853 808 899 committere
833 853 999 899 semina
1025 851 1215 908 campis.

104 934 397 979 Praedabunda
415 935 596 992 quidem
611 934 811 981 volucris
829 966 845 989 ,
872 935 1089 992 nigroque
1106 946 1284 998 ruentes

102 1016 292 1074 Agmine
316 1002 515 1061 formicae
540 1018 718 1062 levibus
744 1018 858 1060 male
880 1016 1057 1060 condita
1083 1015 1219 1059 terris·

106 1098 258 1143 Grana
277 1098 455 1157 legent:
473 1100 546 1144 sed
564 1101 608 1143 &
627 1100 703 1143 illa
718 1098 835 1143 levis
859 1097 1054 1154 ja&ura·,
1081 1097 1348 1157 pigrumque

104 1178 256 1233 Major
282 1193 502 1224 aratorem
526 1180 643 1224 labes
660 1212 675 1232 .
700 1181 995 1236 damnumque
1017 1181 1254 1223 manebunt
1270 1212 1283 1234 ,

105 1261 301 1305 Humida
325 1261 358 1304 fi
382 1260 550 1318 piuviis
570 1294 584 1314 ‚
612 1273 687 1305 aut
712 1260 890 1312 horrida,
915 1259 1079 1318 frigore
1096 1291 1109 1313 ,
1141 1260 1286 1304 serum

104 1342 308 1399 Accipiat
331 1343 479 1386 semen
498 1343 662 1391 tellus·‚
689 1341 971 1398 primumque
996 1340 1072 1384 sub
1094 1353 1244 1385 ortum

104 1424 298 1483 Palleat,
327 1423 371 1466 δε
394 1421 537 1481 glacie
560 1422 681 1481 seges
708 1420 934 1467 infestetur
961 1421 1132 1479 iniqua.

164 1502 363 1548 Versatis
388 1514 623 1560 properate
645 1501 734 1546 viri
759 1503 861 1546 dare
887 1502 1052 1547 semina
1078 1502 1205 1547 terris
1226 1519 1238 1547 ε

102 1588 218 1631 Nam
235 1587 359 1644 quod
376 1584 626 1628 inoccatum
644 1582 704 1627 est
722 1581 837 1641 agris
855 1582 1102 1629 sitientibus
1114 1617 1125 1638 ‚
1145 1584 1285 1630 imbre

102 1669 256 1722 Quum
268 1667 437 1724 putruit
446 1665 640 1717 modico,
656 1665 846 1710 viridem
856 1665 1082 1724 consurgit
1092 1667 1139 1711 in
1148 1668 1347 1718 herbam,

104 1749 220 1803 Quae
240 1747 371 1791 tereti
390 1749 549 1791 molles
568 1746 645 1791 ubi
663 1745 783 1803 rupit
801 1747 1003 1792 acumine
1021 1759 1158 1793 terras
1171 1782 1191 1802 Α,
1266 1784 1270 1788 ,

103 1830 258 1875 Haeret
272 1861 286 1882 ‚
311 1829 355 1873 &
378 1828 551 1872 hiberni
574 1840 729 1873 contra
751 1829 848 1874 vim
866 1827 1048 1886 frigoris
1063 1861 1078 1882 ‚
1104 1829 1242 1876 imam

107 1910 371 1956 consolidat
393 1909 599 1968 stirpam
629 1911 732 1954 dum
759 1908 942 1954 mollior
967 1924 1071 1954 aura
1095 1910 1272 1956 silentes

107 1994 309 2046 Evocet‚
337 1992 381 2035 δε
406 1990 527 2050 quafi
552 1990 734 2049 vaginis
749 2004 975 2048 emergere
1002 1994 1175 2037 culmos

107 2077 278 2132 cogat,
297 2073 340 2116 δι
356 2072 530 2117 infidias
544 2085 725 2124 contra,
744 2074 1069 2129 volucrumque
1086 2073 1285 2131 rapinam
1300 2106 1317 2130 ,

106 2155 258 2206 Vallet
283 2154 508 2200 aristarum
528 2167 644 2199 tutas
666 2154 914 2199 munimine
939 2154 1101 2214 fruges.

166 2237 214 2282 Si
241 2252 331 2295 quo
355 2237 470 2282 forte
495 2238 638 2295 placet
653 2236 912 2296 contingere
931 2237 1095 2281 semina
1119 2238 1250 2283 succo
1267 2271 1282 2294 ,

105 2319 252 2377 Atque
278 2318 509 2363 salutiferis
533 2319 701 2379 segetes
726 2333 883 2378 urgere
908 2319 1094 2363 venenis
1115 2335 1130 2370 ;

104 2402 319 2458 Expertas
341 2403 460 2446 ultro
483 2402 649 2446 tradam
673 2414 768 2445 non
794 2400 973 2445 invidus
998 2413 1130 2446 artes.

105 2482 259 2541 Nuper
282 2483 404 2531 enim
430 2496 567 2544 quum
589 2483 684 2531 dira
704 2483 844 2533 fames
868 2483 1099 2530 invaderet
1121 2484 1248 2530 urbes
1266 2500 1287 2536 ·‚

1000 2565 1043 2609 N
1069 2562 1103 2620 ij
