1500 2886
123 274 195 332 16
355 273 692 330 PRAEDII
734 271 1108 330 Rasa-tet

129 448 140 463 .
177 395 287 438 Haec
305 404 379 437 tua
398 396 492 438 laus
510 427 523 447 ‚
550 392 771 450 Riquete·‚
792 395 872 437 suo
893 392 975 437 tibi
993 393 1286 440 Blittera'civi

114 474 315 519 Divitias
339 475 544 532 urbisque
567 477 697 520 decus
715 508 728 529 ‚
755 475 837 519 tibi
866 475 1014 519 Gallia
1036 476 1164 520 debet

114 557 224 611 Quo
243 556 354 599 nihil
371 557 424 599 ad
442 555 567 613 regni
587 556 866 613 splendorem
885 558 1091 615 grandius
1108 589 1122 611 ‚
1152 556 1234 601 usu
1279 571 1287 595 ι

111 638 221 691 Quo
247 637 360 680 nihil
383 637 576 702 uberius..
604 639 784 683 Mutato
810 638 995 682 flumina
1017 639 1146 682 cursu

112 717 229 762 Juffa
254 733 396 763 novas
423 719 587 762 intrare
610 719 708 764 vias
729 752 743 773 ,
765 718 1026 778 diruptaque
1050 720 1154 763 saxa

112 797 312 842 Alcidem
335 810 518 843 vetuere
542 799 675 844 mori.
702 799 864 846 Vicere
881 801 1060 844 rlabores

109 879 358 924 Herculeos
385 895 483 938 quae
507 893 556 925 tu
573 914 586 935 ,
617 896 696 938 per
720 881 976 940 prodigiosa
999 883 1204 926 locorum

110 960 349 1004 Intervalla
363 990 378 1009 ,
403 961 514 1005 mari
538 962 718 1022 gemino
744 962 1017 1007 commercia·
1031 964 1218 1020 praebe's.

107 1041 286 1100 Magnae
306 1042 468 1086 mentis
489 1053 602 1099 opus
620 1058 634 1094 ;
661 1045 780 1101 quod
797 1076 810 1099 ,
837 1044 870 1086 fi
889 1043 1095 1088 mortalia
1116 1058 1242 1088 cures
1263 1053 1282 1098 ,’

110 1122 184 1165 Tu
201 1134 378 1180 quoque
398 1138 514 1167 nunc
532 1126 651 1168 coelo
669 1124 822 1168 videas
843 1124 1026 1168 miratus
1042 1124 1095 1167 ab
1114 1127 1204 1168 alto
1222 1156 1236 1178 ,

109 1202 172 1245 Ni
191 1204 306 1247 foret
325 1204 373 1247 in
391 1204 519 1249 terris
540 1207 699 1250 oculos
720 1221 812 1264 quo
831 1206 1006 1263 pascere
1025 1202 1172 1248 mavis

27 1318 32 1323 .
107 1283 328 1327 Lamonia
346 1287 398 1328 de
418 1298 555 1330 matre
574 1287 727 1343 Nepos
747 1319 760 1340 ‚
783 1286 856 1330 cui
875 1300 1031 1343 magna
1047 1293 1254 1341 parantur

108 1364 344 1411 ¹Virtutum
364 1367 627 1420 documenta
651 1366 804 1417 domi·,
831 1368 907 1411 seu
931 1369 1044 1411 clara
1069 1366 1268 1410 Parentis

107 1444 202 1489 ¹Aut
226 1447 375 1505 Patrui
397 1448 556 1491 infistat
582 1447 797 1506 vestigia·‚
825 1448 988 1491 Martia
1015 1448 1238 1504 quondam

111 1529 199 1572 Seu
214 1531 352 1587 galea,
366 1542 439 1572 aut
448 1528 676 1572 Themidis
695 1530 839 1572 sacros
854 1541 1024 1584 premat
1039 1529 1175 1572 infula
1192 1528 1350 1574 crines.

171 1610 306 1653 Arida
325 1624 440 1653 nunc
456 1610 594 1667 riguis
610 1610 684 1654 ubi
699 1610 896 1653 fontibus
912 1623 1016 1653 arva
1031 1606 1236 1653 carebunt
1254 1642 1266 1661 ,

110 1690 330 1748 Signaque
349 1692 588 1747 deprendes
607 1691 801 1748 lymphae
821 1689 1047 1734 manifesta
1063 1687 1241 1734 latentis
1259 1703 1279 1738 ·‚

110 1773 366 1816 Gaudentes
387 1774 507 1815 coelo
526 1773 676 1814 latices
695 1784 924 1826 erumpere
941 1802 954 1823 ‚
980 1769 1111 1813 tertis

106 1849 250 1897 Erue:
280 1865 325 1896 at
350 1852 523 1896 indiciis
550 1867 605 1895 ne
627 1851 843 1907 decipiare
869 1851 1031 1894 dolofis
1049 1883 1064 1903 ‚

111 1932 254 1976 Mane
275 1935 448 1990 plagam
467 1933 571 1976 coeli
591 1932 761 1975 Phoebo
780 1932 982 1975 nascente
1001 1932 1230 1975 rubentem

115 2015 286 2059 Pronus
301 2014 427 2058 humi
443 2014 663 2071 speculare
682 2029 695 2063 ;
715 2015 863 2056 levem
880 2013 1141 2070 consurgere
1158 2014 1320 2057 nubem

115 2095 164 2139 Si
179 2097 329 2140 videas
347 2129 360 2150 ‚
387 2096 623 2153 tenuesque
642 2095 739 2140 solo
756 2095 801 2138 se
816 2096 972 2138 tollere
988 2095 1136 2138 fumos
1155 2127 1168 2148 ‚

115 2178 319 2234 Lympha
337 2180 441 2221 latet
460 2189 613 2222 :nova
627 2177 744 2234 figna
760 2177 922 2219 dabunt
948 2176 991 2218 &
1007 2175 1178 2218 muscus
1199 2172 1351 2232 aquofi

114 2258 247 2301 Ruris
260 2272 424 2312 amans,
443 2259 720 2315 culicumque
731 2259 888 2316 globus
899 2259 1128 2300 revolutus
1141 2256 1190 2300 in
1200 2256 1351 2300 orbem

117 2340 321 2396 Desuper
336 2372 348 2392 ‚
376 2341 419 2382 &
436 2340 606 2383 madida
625 2341 814 2402 gaudens
831 2341 986 2382 tellure
1003 2339 1168 2396 conysa
1188 2370 1202 2391 ,
1225 2364 1228 2366 -

116 2420 172 2462 Et
185 2419 306 2475 junci
322 2452 336 2473 ‚
355 2421 399 2462 ὅτ.
413 2420 566 2463 salices
579 2452 592 2473 ‚
616 2422 660 2463 ὅ(
675 2418 929 2463 arundiferae
945 2418 1217 2462 calaminthae
1235 2449 1250 2471 ,

115 2501 172 2543 Et
190 2499 304 2547 dulci
323 2512 546 2561 quotquot
561 2499 740 2546 frutices
758 2500 944 2546 humore
963 2511 1178 2546 creantur.

1172 2578 1349 2622 Talibus
