1500 2886
83 303 155 360 14
331 285 663 346 PRAEDIJ
707 289 1067 349 Rvs'rlct

73 407 289 452 Restitues
314 411 432 453 oleas
452 443 462 461 ,
497 410 529 453 si
554 424 660 467 quas
686 409 890 465 dejecerit
911 411 1100 468 Auster,

74 491 169 533 Nec
192 489 354 533 steriles
381 493 456 533 vel
482 491 558 547 qui
585 490 760 547 pariunt
785 492 980 549 ignobile
1003 503 1189 549 pomum

71 570 329 628 Degeneres
355 571 520 627 patiere
547 572 644 614 solo
669 572 896 615 consistere
920 574 1098 616 truncos
1119 587 1133 622 3

71 651 267 694 ‘Vindice
290 653 363 695 sed
389 652 505 696 ferro
531 654 662 696 tolles
680 685 693 705 ‚
721 666 793 696 aut
816 654 992 698 brachia
1015 656 1212 705 caedens.

70 732 282 776 Infitione
305 733 423 775 feros
449 747 580 790 coges
606 733 833 776 mitescere
857 734 1037 778 fructus.

133 813 281 858 Sicubi
307 813 518 871 stagnanti
546 813 667 872 seges
693 797 932 858 emoriatur
955 817 1006 858 ab
1029 815 1166 858 imbre
1186 846 1199 868 ‚

66 894 312 938 'Absorbere
331 894 474 937 solum
493 909 635 951 neque
651 894 781 951 poffit
800 895 1014 953 quidquid
1032 906 1244 952 aquarum

70 975 274 1033 Accipiet
291 1008 303 1027 ‚
330 989 472 1032 neque
492 974 670 1018 vicinos
696 974 917 1018 effundere
940 975 1164 1020 in‘amnes
1185 969 1204 1025 3>

69 1057 193 1101 Affcr
208 1071 341 1114 opem
357 1087 368 1106 ,
395 1058 438 1100 &
456 1057 603 1100 medio
621 1058 759 1114 largas
776 1058 856 1100 duc
875 1071 1055 1113 aequore
1069 1056 1214 1101 foss'as.

68 1139 286 1182 Occultos
303 1171 315 1190 ,
342 1137 416 1180 ubi
434 1149 547 1180 terra
572 1136 670 1179 fluit
689 1138 882 1180 sabulosa
900 1169 914 1191 ‚
936 1139 1109 1181 canales

69 1220 325 1263 Obcaecabis
348 1219 493 1276 agris3
524 1233 610 1262 neu
633 1221 919 1276 praecludatur
943 1234 1155 1276 aquarum

0 1316 2 1318 ’
68 1300 227 1343 Exitus
250 1300 508 1357 illapsusque
527 1333 539 1352 ,
565 1301 640 1343 sub
663 1315 715 1343 os
732 1313 966 1357 utrumque
991 1299 1144 1344 refixis
1164 1329 1179 1354 ,

68 1382 262 1425 Pilatum
285 1381 385 1424 vice
403 1414 414 1433 ‚
441 1381 694 1437 ponticulos
720 1381 970 1434 imitabere,
1000 1381 1134 1425 saxis.

130 1462 176 1506 O
203 1466 213 1507 ἔ
236 1462 319 1505 tibi
337 1454 563 1519 torpentes
590 1462 622 1504 fi
646 1462 854 1505 desiccare
880 1464 1057 1518 paludes

67 1545 172 1588 Fata
197 1545 346 1586 darent
362 1576 375 1596 ‚
406 1545 610 1600 coeloque
634 1557 773 1586 novas
800 1543 1022 1586 ostendere
1048 1555 1183 1587 terras
1207 1546 1218 1588 !

68 1625 246 1667 Semina
266 1623 458 1666 restituet
478 1635 642 1680 quanto
663 1624 777 1680 proh
799 1626 809 1667 ἔ
831 1623 1005 1666 foenore
1026 1637 1207 1681 campus
1228 1605 1232 1609 ⁴

66 1706 122 1747 Et
145 1705 254 1748 limo
279 1705 393 1747 satur
412 1738 424 1757 ,
457 1705 500 1747 &
525 1706 663 1762 longo
689 1705 913 1761 requietus
939 1706 990 1747 ab
1013 1719 1130 1748 aevo.

64 1787 133 1829 En
151 1786 357 1828 Bliteram
382 1799 563 1842 propter
588 1799 716 1842 quam
736 1786 915 1843 pinguia
935 1785 1063 1828 findit
1077 1787 1237 1830 Arator

64 1868 260 1925 AEquora
286 1865 540 1910 vomeribus
566 1880 662 1922 quae
687 1864 873 1908 navibus
899 1878 997 1908 ante
1023 1867 1208 1908 secabat.

63 1951 266 2006 Namque
281 1947 355 1990 sua
371 1960 515 1990 totum
526 1948 746 2004 quondam
762 1961 867 2004 gens
878 1948 1069 1989 Romula
1084 1948 1293 1990 mundum

66 2030 155 2072 Sub
181 2028 349 2071 ditione
372 2041 526 2070 tenens
546 2060 557 2079 ‚
580 2041 635 2070 ne
662 2026 767 2083 quid
790 2028 1043 2083 deperderet
1067 2027 1159 2084 agri
1178 2060 1192 2080 ,

65 2111 172 2166 Quo
198 2111 341 2151 nullus
366 2120 465 2151 toto
489 2108 648 2150 melior
673 2107 751 2150 fibi
776 2108 920 2163 paruit
944 2110 1084 2158 orbe;

64 2191 184 2235 Fecit
210 2190 292 2233 iter
316 2189 451 2247 pigrae
475 2191 613 2246 longo
637 2189 713 2233 sub
737 2202 889 2231 monte
915 2190 1061 2245 paludi
1083 2203 1096 2233 t

66 2273 244 2317 Grande
265 2285 377 2326 opus
397 2303 410 2322 ,
436 2270 619 2313 emensis
639 2269 798 2312 exhinc
822 2284 902 2312 nec
928 2271 1083 2313 inutile
1109 2269 1254 2316 seclis.

125 2351 270 2394 Altius
296 2351 454 2408 ignoto
480 2352 709 2393 manabant
733 2350 905 2397 tramite
929 2352 1123 2406 lymphae
1145 2366 1159 2400 ·,
1294 2345 1300 2349 ’

63 2433 294 2476 Oceanum
313 2431 386 2473 sed
403 2443 636 2486 utrumque
658 2444 780 2473 novo
802 2431 876 2486 qui
895 2431 1059 2473 foedere
1078 2430 1223 2490 jungit

65 2513 231 2559 Alveus
247 2544 260 2566 ,
292 2511 426 2559 excisi
450 2525 528 2570 per
551 2511 678 2554 saxea
703 2511 869 2556 viscera
893 2511 1058 2555 montis
