1500 2886
118 296 196 376 98
362 298 690 355 PRAEDJI
730 284 1179 354 Rvsrtct*

184 398 449 442 Semimares
477 412 657 455 quoque
675 399 775 441 laeta
795 403 951 454 petunt
970 398 1148 441 duetore
1167 399 1244 442 mh
1261 402 1360 444 und

119 478 279 522 Pascua
296 492 509 522 verveces
527 494 540 527 ·,
573 478 774 536 gregibus
795 491 886 520 non
913 478 988 522 ille
1007 478 1210 537 regendis

118 558 362 604 Praeficitur
385 559 489 618 quia
519 559 716 603 nobilior
734 591 746 611 ,
776 558 879 615 quia
901 557 1068 603 vellere
1091 559 1217 603 dives
1237 581 1253 613 ς

117 640 208 684 Aut
231 649 357 684 aetate
382 640 532 699 gravis
557 642 785 700 longoque
813 639 1023 684 scientior
1047 640 1128 683 usu
1149 655 1162 684 ε

120 721 209 764 Sed
232 721 375 766 veluti
400 721 626 765 Dominos
652 721 770 764 inter
794 734 1029 777 rerumque
1054 731 1263 777 potentes

119 801 282 845 Evehit
310 803 363 845 ad
386 802 581 845 summos
606 801 735 845 favor
759 800 1032 844 inconsultus
1054 802 1249 844 honores
1268 815 1284 850 3

117 883 272 925 Unum
297 897 385 939 prae
414 882 594 940 reliquis
621 880 806 924 Pastoris
831 880 972 924 amica
998 882 1208 923 voluntas

118 964 225 1007 Non
244 963 370 1007 aliter
387 962 506 1018 iubet
525 963 609 1007 effe
630 965 783 1007 ducem
804 978 816 1005 ε
836 962 974 1019 praeit'
984 962 1060 1006 ille
1073 994 1088 1016 ‚
1110 961 1294 1018 viasque

118 1045 311 1094 Tentat3
340 1045 384 1088 δι
401 1056 452 1087 ut
474 1043 642 1101 pastum
667 1043 785 1086 ducit
807 1055 1078 1100 potumque,
1101 1044 1321 1086 necandos

118 1124 192 1168 Sic
202 1125 291 1184 agit
301 1127 353 1168 ad
363 1125 549 1168 Lanium
561 1139 651 1182 quo
657 1139 740 1181 que
752 1122 945 1180 perfidus·
956 1138 970 1172 ·,
981 1122 1129 1181 estque
1139 1124 1353 1181 benignas

118 1206 239 1249 Inter
265 1220 375 1249 oves
405 1206 578 1264 proprii
604 1203 776 1262 generis
801 1203 878 1261 qui
902 1202 1104 1259 proditor
1119 1235 1131 1256 ,
1157 1204 1276 1248 ultro

116 1285 258 1330 Triste
287 1285 577 1328 ministerium
607 1285 757 1328 subeat
783 1285 984 1327 mercede
1012 1284 1188 1328 soluta:

116 1367 231 1409 Nam
256 1365 402 1409 reduci
431 1365 600 1422 sperata
628 1366 741 1408 solet
768 1365 868 1408 dare
891 1378 1072 1409 munera
1098 1362 1249 1409 Pastor

116 1447 333 1504 Exiguam
361 1449 565 1491 cererem
583 1479 595 1499 ,
622 1446 759 1489 dulcis
785 1447 860 1490 vel
885 1454 1017 1503 grana
1043 1446 1229 1490 cumini.

180 1528 262 1571 Per
285 1528 384 1587 iug'a
410 1539 632 1584 reptantes
661 1526 787 1570 cursu
811 1531 1076 1583 praevert'ere
1106 1535 1257 1583 capras

116 1607 318 1654 Muneris
337 1641 349 1661 ‚
370 1609 504 1651 Hirce
523 1641 536 1661 ,
555 1607 621 1650 tui
640 1605 699 1650 est
719 1623 733 1656 ·,
750 1607 825 1651 sed
842 1606 925 1650 vix
943 1609 1143 1651 tardante·
1156 1606 1352 1668 podagra

113 1690 256 1734 Lenta
281 1703 438 1733 moves
465 1703 675 1746 properas
700 1687 814 1732 inter
838 1687 1021 1745 vestigia
1047 1701 1227 1733 matres.

114 1772 240 1814 Dura
257 1772 539 1827 voluptatum
559 1776 726 1813 merces
745 1801 758 1821 ‚
783 1783 889 1825 quas
908 1769 1055 1812 haedus
1075 1769 1128 1812 ab
1146 1768 1276 1812 annis

114 1850 311 1895 δεᾶῑιιω·
331 1850 493 1892 teneris
513 1865 524 1892 ς
547 1861 701 1892 mento
727 1848 810 1892 vix
833 1850 1011 1892 barbula
1030 1850 1192 1905 pendet
1210 1882 1225 1903 ‚

113 1933 313 1988 Nataque
335 1943 546 1987 ruperunt
571 1942 765 1972 teneram
791 1930 874 1972 vix
900 1944 1064 1973 cornua
1086 1931 1279 1973 frontem
1297 1962 1315 1984 ,

112 2012 275 2056 Intima
299 2024 434 2068 quum
458 2010 598 2053 tacitae
619 2010 804 2067 gliscunt
829 2009 876 2052 in
901 2009 1070 2053 viscera
1089 2009 1276 2054 flammae
1297 2026 1313 2060 ς

113 2085 258 2149 Atque
275 2092 379 2135 hinc
398 2089 640 2133 invalidum
660 2089 820 2146 premit
837 2089 1068 2133 immatura
1086 2091 1282 2135 seneclus
1298 2124 1315 2145 ,

114 2174 225 2228 Quae
255 2171 362 2229 ligat
389 2171 433 2214 &
457 2170 583 2213 tetris
614 2168 783 2213 infestat
809 2171 1004 2214 membra
1031 2172 1216 2215 venenis
1237 2188 1250 2215 z

113 2255 219 2296 Inde
248 2251 400 2309 piger,
431 2247 660 2294 morbosus
679 2283 691 2303 ‚
721 2251 837 2294 iners
859 2283 872 2304 ,
902 2251 945 2294 &
972 2251 1148 2297 inutilis
1177 2252 1264 2297 aevi

111 2326 290 2391 ingrato
315 2332 457 2375 fetore
484 2339 636 2389 greges
661 2340 790 2388 atque
814 2330 912 2374 aera
937 2330 1101 2375 circum

112 2404 262 2458 Inficit
280 2444 293 2464 ,
321 2411 365 2453 δε
391 2411 554 2453 tristem
584 2406 776 2468 propero
802 2413 874 2454 dat
898 2412 1051 2456 funere
1077 2412 1238 2458 vitam.

118 2513 122 2517 ·
172 2485 280 2538 Non
299 2492 452 2538 eadem
471 2493 574 2537 loca'
587 2491 823 2551 pascuntur
842 2495 1111 2558 gracilesque
1131 2494 1308 2550 capelle
