1482 2834
102 183 255 191 ff„
898 180 1150 237 .„f

470 298 927 388 APEQ

622 412 761 464 AD

147 506 1229 582 EMINENTISSIMUM

264 638 1113 714 CARDINALEM

393 758 397 762 .
560 756 564 760 ,
663 751 672 758 ,.
1039 750 1083 791 R
1135 756 1138 759 Δ
1168 753 1173 756 ,

178 763 280 851 D
322 762 405 851 E
518 765 602 852 F
633 761 706 849 L
733 761 819 848 E
859 762 952 846 U
981 764 1064 846 R
1109 762 1197 845 Y.

61 884 129 986 ἶ
142 954 175 985 Ν
189 953 216 985 c
233 954 258 985 1.
273 954 305 986 Y
319 954 393 989 τι.
408 942 618 986 Romano
642 940 784 998 fulges
806 939 884 997 qui
909 938 1081 983 murice
1100 937 1263 981 Praesul
1275 962 1293 992 3

62 1024 373 1082 Nobilitasque
401 1025 490 1068 tuis
515 1025 683 1068 clarum
707 1021 953 1067 virtutibus
980 1020 1144 1064 ostrum
1165 1043 1179 1075 5

65 1104 115 1148 si
140 1105 222 1148 tibi
248 1105 382 1149 fausta
407 1108 583 1162 placent
606 1102 725 1162 aequi
748 1102 1050 1147 moderamina
1072 1089 1246 1160 Regni3

66 1186 196 1228 Sacra
223 1186 351 1229 Fides
369 1219 383 1239 ‚
410 1200 536 1229 amor
560 1185 608 1229 in
631 1186 831 1244 Regem5
855 1183 1106 1228 reverentia
1129 1185 1308 1241 legumq·

69 1266 195 1310 Gens
223 1281 412 1324 operum
435 1266 623 1311 studiosa
639 1299 652 1320 ‚
673 1266 804 1326 sagax
822 1265 866 1309 &
882 1264 1053 1310 strenua
1074 1281 1088 1315 ·,
1111 1263 1277 1307 nostras
1293 1284 1308 1315 ‚-

66 1347 228 1391 Praesul
247 1381 260 1401 ‚
278 1346 442 1391 amabis
460 1348 578 1404 Apes
596 1379 610 1401 ‚
630 1360 737 1404 quas
759 1345 979 1390 Conditor
998 1344 1118 1389 orbis
1139 1344 1186 1388 in
1205 1345 1307 1387 usus

66 1428 153 1472 Sed
177 1428 317 1486 magis
343 1429 397 1471 ad
421 1427 581 1485 populi
606 1427 867 1486 Regumque
893 1428 1098 1484 exempla
1125 1426 1310 1470 creavit·

127 1508 286 1566 Aspice
310 1508 576 1565 tranquillos
602 1520 653 1551 ut
680 1506 799 1551 certa
824 1509 922 1566 lege
946 1509 1119 1552 labores

67 1591 286 1637 Exercent
303 1622 317 1643 ,
343 1589 532 1646 mitique
555 1589 650 1632 dies
676 1588 753 1632 sub
779 1587 985 1646 Principe
1011 1590 1237 1634 condunt:

66 1672 193 1716 Illius
219 1683 270 1714 ut
294 1670 404 1713 vitae
430 1671 554 1726 plebs
578 1671 765 1714 excubat
782 1702 796 1723 ‚
823 1671 899 1714 ille
926 1670 1055 1714 saluti

69 1752 216 1797 Plebis
237 1767 252 1802 ·‚
272 1751 427 1795 acerba
444 1763 613 1794 vocent
630 1751 708 1794 seu
724 1751 838 1795 bella
855 1765 870 1800 ;
892 1750 1074 1796 domive
1093 1753 1282 1810 regenda

73 1833 172 1876 Sint
191 1845 327 1889 opera
339 1865 353 1885 ‚
372 1845 448 1875 aut
465 1831 604 1876 hiemi
621 1832 769 1889 primo
784 1831 874 1888 jam
892 1846 999 1876 vere
1018 1835 1281 1879 cavendum.

70 1914 239 1957 Felices
266 1913 342 1957 illa
371 1914 530 1959 Gallos
554 1913 602 1957 in
626 1913 845 1973 imagine,
875 1928 1023 1958 rerum

72 1995 139 2037 Te
166 1995 276 2038 duce
292 2027 306 2047 ‚
331 1994 570 2053 cognosces
595 2009 608 2039 ε
638 1995 771 2039 nullis
797 1995 947 2038 aeraria
970 1995 1099 2040 Fucis

73 2075 316 2133 Expilanda
343 2087 493 2132 patent
516 2091 529 2120 t
559 2074 607 2118 in
631 2075 808 2132 publica
832 2077 1067 2120 commoda
1091 2077 1207 2120 cedit

74 2156 303 2214 Quidquid
321 2170 459 2213 opum
473 2156 643 2200 confert
659 2157 854 2215 populus
868 2188 882 2210 ‚
901 2169 982 2200 nec
995 2157 1109 2200 bella
1124 2157 1285 2201 laceffit
1295 2182 1309 2211 ς

75 2238 168 2280 Nec
186 2237 344 2281 metuit
362 2237 487 2282 Gens
505 2237 650 2281 Marte
666 2250 827 2294 potens
845 2253 856 2281 ε
876 2236 954 2296 qui
968 2236 1105 2281 flectit
1122 2239 1310 2283 habenas

74 2315 257 2375 Imperii
274 2349 288 2371 ,
316 2317 505 2362 docilem
531 2329 575 2362 te
599 2318 875 2376 Praeceptore
901 2317 1130 2373 juventam

77 2398 151 2442 Sic
173 2397 313 2442 coluit
339 2398 575 2462 Princeps,
593 2411 643 2442 ut
666 2413 758 2457 quo
778 2399 863 2443 vix
888 2412 1091 2457 tempore
1115 2409 1280 2447 norunt

75 2478 332 2538 Imperitare
358 2477 447 2523 suis
471 2477 549 2524 alii
575 2493 590 2531 3
615 2478 831 2526 maturior
854 2478 980 2525 annis
