1482 2834
79 203 201 271 '244
299 197 641 255 PRAEDH‘
683 197 1077 253 Rvsrlct

80 298 211 342 Tales
234 300 334 341 dum
354 299 509 355 rapido
528 300 767 343 Rhodanus
787 298 901 356 petit
921 306 1099 353 aequora
1115 291 1243 351 cursu

81 379 272 424 Miratur
296 378 445 436 passim
471 380 579 438 ripis
609 380 822 439 assurgere
846 379 984 422 colles
1007 408 1022 429 ‚

82 460 137 502 Et
162 460 334 517 fugiens
360 475 470 504 nutu
496 461 650 507 dextra
675 461 875 518 laevaque
903 459 1075 502 salutat.

145 541 256 583 Tres
274 541 412 585 facies
433 575 446 595 ,
473 543 659 586 totidem
674 544 814 599 vulgo
832 541 932 583 sunt
951 535 1137 581 nomina
1153 531 1258 578 viti.

84 619 233 666 Prima
257 621 493 666 Tolosanis
521 625 608 668 late
635 621 913 667 celeberrima
941 608 1110 675 campis

19 739 24 747 „
86 701 274 760 Colligit
299 702 500 761 ingentes
526 719 619 748 non
642 706 782 762 longo
807 703 855 745 in
880 700 1026 758 stipite
1049 698 1203 748 vires;

87 781 354 840 Brachiaque
369 783 454 827 huc
474 784 578 828 illuc
597 786 778 828 tendens
798 815 812 836 ‚
839 781 982 825 media
1001 780 1094 836 ipsa
1111 788 1234 822 tenet
1248 776 1292 820 se
1311 779 1334 831 2'

89 864 326 921 Aspernata
350 877 519 908 trucem
544 866 729 908 Boream
753 863 945 920 coelique
972 861 1162 904 furores.

156 946 307 997 Altera
324 959 419 1001 quae
439 957 597 988 trunco
614 944 788 1002 gracilis
804 955 933 999 caput
947 940 1077 985 altius
1093 938 1220 984 effert
1235 970 1251 993 ‚

90 1026 291 1072 Pondere
314 1025 434 1068 vidia
458 1025 537 1068 suo
562 1024 702 1079 jaceat
730 1022 942 1067 delumbis
961 1055 974 1075 ‚
1006 1022 1174 1065 arundo

93 1106 153 1152 Ni
172 1107 326 1150 doceat
343 1104 525 1148 stantem
543 1104 716 1148 rabidos
736 1115 1020 1147 contemnere
1037 1113 1218 1146 ventos.

153 1187 308 1231 Tertia
335 1186 560 1230 frondenti
582 1185 692 1230 vitis
721 1183 955 1242 requiescit
979 1183 1028 1226 in
1050 1183 1177 1226 ulmo
1193 1213 1207 1234 ‚

95 1270 243 1324 Quam
260 1279 382 1312 tenet
398 1270 606 1323 amplexu
620 1282 635 1317 3
651 1266 882 1323 ramosque
898 1262 1062 1308 effrena
1076 1276 1156 1320 per
1173 1262 1338 1307 omne&

96 1348 244 1406 Serpit
264 1381 276 1401 ‚
307 1349 350 1391 &
377 1349 540 1391 elatum
565 1359 696 1403 caput
720 1347 836 1389 inter
862 1344 1009 1388 nubila
1033 1345 1228 1388 condens
1245 1373 1261 1397 ,

98 1429 302 1474 Ostentat
326 1442 490 1471 curvos
514 1427 710 1485 pretioso
737 1428 931 1484 pondere
955 1437 1102 1468 ramos
1121 1439 1137 1468 t

100 1511 228 1556 Unde
256 1508 487 1566 Gigantaea
512 1509 653 1551 vitem
683 1509 734 1550 de
762 1507 892 1564 stirpe
919 1517 1109 1550 creatam

99 1591 366 1648 Graeciaque
394 1590 438 1633 &
462 1589 569 1633 vani
596 1590 818 1647 quondam
842 1587 1040 1631 cecinere
1063 1586 1234 1633 Poetae0'

162 1671 337 1728 Jupiter
355 1670 647 1729 anguipedum
664 1669 891 1727 postquam
908 1667 1139 1712 temeraria
1154 1667 1340 1714 fratrum

103 1752 299 1800 'confina
327 1753 371 1795 &
394 1750 574 1794 structos
603 1749 773 1805 disjecit
796 1749 980 1793 fulmine
1005 1761 1181 1792 montes
1201 1764 1218 1799 ·,

104 1833 341 1892 Phlegraeis
366 1832 594 1888 resupinus
619 1831 732 1889 agris
760 1844 839 1886 per
862 1830 1058 1887 quinque
1082 1827 1249 1883 jacebat

102 1919 267 1975 ¹Iugera
291 1914 564 1959 centimanus
589 1911 818 1960 Briareus3
849 1911 926 1967 qui
951 1909 1150 1953 conscius
1175 1908 1265 1953 aufi

109 2000 373 2054 Supponens
391 1996 599 2037 humeros
623 1992 837 2035 nitentem
856 1993 909 2034 ad
927 1991 1061 2034 fidera
1077 1991 1255 2034 fratrem

110 2079 293 2124 Juverat
318 2076 555 2119 Enceladus
573 2107 586 2127 ,
616 2073 805 2130 repetito
831 2071 1027 2116 fulminis
1054 2071 1144 2115 ictu

112 2159 282 2203 Stratus
302 2157 455 2208 humi,
488 2157 616 2213 nigro
636 2168 812 2211 quoque
833 2153 1023 2195 tinxerat
1042 2165 1146 2195 arva
1165 2159 1343 2199 cruore.

171 2241 307 2282 Terra
324 2239 410 2281 suae
431 2238 570 2293 prolis
590 2237 751 2279 sortem
772 2234 972 2277 miserata
992 2267 1005 2286 ‚
1029 2234 1280 2277 Tonantem

113 2321 230 2365 Orat
254 2330 303 2362 ut
329 2319 508 2361 arborea
533 2317 609 2360 sub
637 2314 827 2372 imagine
856 2314 999 2356 rursus
1024 2314 1221 2356 alendam

108 2399 315 2458 Accipiat
342 2397 514 2457 gremio
541 2398 739 2457 sobolem
758 2427 773 2451 ‚
805 2409 901 2453 quae
928 2393 1094 2442 reddita
1118 2390 1226 2442 'vitaej
