1482 2834
129 220 254 289 354
370 202 706 259 Pan-1211
751 193 1124 250 Rvsrtct

193 309 301 352 Non
327 302 438 347 alius
462 298 540 359 qui
564 296 761 342 durando
786 304 856 337 tot
881 290 1023 334 secula
1047 285 1202 329 vincat

131 387 269 435 Piscis
297 383 382 430 erit
407 399 420 427 ι
449 378 662 440 cyprinus
687 374 808 419 enim
832 383 963 415 vetus
988 366 1135 411 incola
1155 357 1296 406 fontis

132 465 359 524 Bellaquei
376 496 390 517 ‚
412 461 529 507 vidit
554 457 632 518 qui
661 453 833 501 Gallica
856 440 1035 506 sceptra
1051 453 1254 489 tenentes

135 547 341 595 Valefios
359 578 372 599 ,
395 541 555 588 vitreis
579 539 696 584 idem
720 532 902 579 miratur
926 531 977 574 ab
1001 525 1132 572 undis

131 628 384 677 Borbonios
409 637 555 670 rerum
581 618 788 664 dominos
811 630 826 665 ·,
852 608 1129 671 patribusque
1154 612 1343 660 nepotes

137 709 309 768 Aspicit
322 704 536 751 abfimiles
561 697 744 745 habitu:
760 693 877 752 proh
901 696 912 736 !
940 700 1142 745 tempora
1161 692 1376 741 quantum

136 790 380 846 obstupeat
404 781 572 830 ruutata
596 777 735 838 magis
754 808 767 828 ,
792 774 826 817 fi
851 770 994 832 gentis
1018 770 1216 813 honores

134 869 328 919 Noverit
345 900 357 921 ‚
378 867 422 911 δι
438 875 537 908 toto
562 871 713 918 partos
740 855 846 900 sciat
870 853 976 897 orbe
1002 845 1272 904 triumphos.

194 953 219 998 J
224 962 381 1007 amque
399 944 508 990 licet
526 941 651 986 senio
677 935 869 996 squamis
890 929 1147 976 canentibus
1167 927 1348 978 albenrj

132 1031 274 1091 Regia
297 1033 515 1087 longaevae
542 1025 707 1067 sulcant
732 1033 830 1076 quae
855 1012 1047 1059 flumina*
1069 1021 1244 1065 carpae3

87 1116 89 1118 ’
134 1116 244 1160 Non
269 1110 427 1163 sterilis
444 1141 458 1163 ‚
476 1121 570 1151 non
588 1102 720 1150 sraela
738 1112 888 1144 tamen
903 1129 917 1151 ,
937 1107 1019 1141 nec
1033 1089 1221 1135 inertior
1240 1098 1343 1131 aetas
1356 1098 1376 1135 a

134 1197 253 1241 Nam
273 1193 441 1237 vetulae
466 1186 580 1232 ludis
607 1185 774 1244 agitant
798 1177 1066 1237 iuvenilibus
1091 1171 1230 1216 undas
1246 1182 1266 1219 ⁶,

137 1273 431 1329 Praefidioque
457 1267 550 1312 loci
573 1278 680 1310 tutae
696 1296 710 1318 ,
729 1275 823 1305 non
848 1255 1033 1317 gurgitis
1059 1250 1140 1297 alti

135 1359 235 1405 Ima
259 1362 412 1399 tenent
437 1365 453 1400 ·‚
477 1347 598 1394 vasta
619 1346 747 1389 littus
771 1341 845 1385 sed
868 1339 988 1382 mole
1015 1335 1247 1392 legentes‚'

136 1439 175 1482 E
201 1434 403 1480 manibus
428 1438 613 1484 carpunt
640 1425 757 1468 escas
775 1454 788 1475 ‚
815 1421 858 1463 δι
883 1428 1038 1461 caetera
1062 1413 1155 1458 sese

138 1513 374 1572 Bellaquei
399 1510 595 1568 produnt
619 1505 735 1558 inter
760 1499 971 1545 miracula
992 1494 1106 1540 ruris
1125 1508 1142 1544 ·,

138 1597 458 1650 Exsultantque
475 1587 615 1646 magis
627 1619 641 1639 ,
661 1580 840 1628 Lodoix
855 1591 991 1636 quum
1008 1575 1199 1633 Magnus
1218 1570 1272 1616 ad
1289 1552 1457 1619 amnefls·

139 1677 348 1724 Ambulat
364 1706 377 1726 ,
404 1673 449 1715 &
475 1670 623 1726 quales
648 1663 801 1708 habuit
826 1661 1015 1705 florente
1038 1651 1249 1712 juventa,

139 1758 274 1805 Haud
296 1754 402 1798 alias
426 1747 566 1793 animi
592 1744 712 1790 vires
741 1744 784 1788 δι
815 1738 1018 1798 corporis
1045 1735 1190 1781 effert.

140 1836 327 1894 Imperii
352 1846 446 1877 non
472 1828 602 1872 lustra
625 1837 752 1883 putes
776 1836 843 1866 ter
870 1819 1064 1878 quinque
1088 1811 1291 1872 peraclat

140 1919 206 1965 Ni
234 1928 386 1974 partos
411 1922 616 1955 numeres
642 1904 846 1961 terraque
873 1900 1070 1957 marique
1100 1893 1382 1951 triumph033

140 2001 234 2052 ,Vel
259 1996 443 2056 grandes
473 2002 606 2033 atavo
628 1986 782 2030 videas
812 1981 947 2026 astare
973 1988 1179 2037 nepotes.

206 2076 367 2122 Gloria
391 2071 603 2117 divitibus
630 2062 893 2124 quamquam
919 2074 1013 2104 non
1037 2057 1195 2101 ultima
1222 2051 1388 2098 mensu

144 2159 333 2207 Accedat
348 2188 363 2209 ,
390 2167 446 2196 ne
472 2162 617 2208 quaere
645 2158 794 2190 tamen
821 2156 934 2199 quos
959 2137 1102 2191 lucius
1128 2149 1278 2179 amnes
1464 2115 1468 2123 ⁸

145 2241 320 2286 Incolat
345 2253 357 2280 :
384 2235 502 2288 hunc
526 2229 676 2287 stagno
700 2225 731 2268 fi
758 2222 858 2282 quis
885 2216 1152 2265 concluserit
1169 2248 1184 2270 ‚
1208 2215 1325 2260 idem

145 2324 202 2367 Et
227 2321 370 2363 milvo
395 2311 588 2371 placidas
615 2307 664 2350 in
689 2306 840 2349 eadem
866 2314 984 2345 turre
1009 2297 1262 2348 columbas,

146 2398 425 2456 Gallinisque
449 2389 598 2451 potest
625 2385 768 2443 socias
794 2381 1030 2450 adjungere
1051 2379 1241 2438 vulpes,

1478 623 1482 699 ἰ
