<?xml version="1.0" encoding="UTF-8"?>
<!DOCTYPE html PUBLIC "-//W3C//DTD XHTML 1.0 Transitional//EN"
    "http://www.w3.org/TR/xhtml1/DTD/xhtml1-transitional.dtd">
<html xmlns="http://www.w3.org/1999/xhtml" xml:lang="en" lang="en">
 <head>
  <title>
</title>
<meta http-equiv="Content-Type" content="text/html;charset=utf-8" />
  <meta name='ocr-system' content='tesseract 3.04.00' />
  <meta name='ocr-capabilities' content='ocr_page ocr_carea ocr_par ocr_line ocrx_word'/>
</head>
<body>
  <div class='ocr_page' id='page_1' title='image "./praediumrusticum00vaniuoft_0145.png"; bbox 0 0 1500 2886; ppageno 0'>
   <div class='ocr_carea' id='block_1_1' title="bbox 496 233 1330 300">
    <p class='ocr_par' dir='ltr' id='par_1_1' title="bbox 496 233 1330 300">
     <span class='ocr_line' id='line_1_1' title="bbox 496 233 1330 300; baseline -0.005 -1"><span class='ocrx_word' id='word_1_1' title='bbox 496 241 805 300; x_wconf 68' lang='lat' dir='ltr'>Ltssssn</span> <span class='ocrx_word' id='word_1_2' title='bbox 867 243 935 298; x_wconf 90' lang='lat' dir='ltr'>V.</span> <span class='ocrx_word' id='word_1_3' title='bbox 1103 233 1107 241; x_wconf 85' lang='lat'>&#39;</span> <span class='ocrx_word' id='word_1_4' title='bbox 1227 255 1330 295; x_wconf 84' lang='lat'>121</span> 
     </span>
    </p>
   </div>
   <div class='ocr_carea' id='block_1_2' title="bbox 30 334 1348 1125">
    <p class='ocr_par' dir='ltr' id='par_1_2' title="bbox 30 334 1278 401">
     <span class='ocr_line' id='line_1_2' title="bbox 30 334 1278 401; baseline -0.006 -13"><span class='ocrx_word' id='word_1_5' title='bbox 30 359 34 361; x_wconf 57' lang='grc'><strong><em>’</em></strong></span> <span class='ocrx_word' id='word_1_6' title='bbox 93 342 295 388; x_wconf 78' lang='lat' dir='ltr'>Pondere</span> <span class='ocrx_word' id='word_1_7' title='bbox 310 375 324 398; x_wconf 82' lang='lat'><strong>‚</strong></span> <span class='ocrx_word' id='word_1_8' title='bbox 348 356 555 388; x_wconf 81' lang='lat' dir='ltr'>curvatur</span> <span class='ocrx_word' id='word_1_9' title='bbox 578 343 743 401; x_wconf 87' lang='lat' dir='ltr'>pomis.</span> <span class='ocrx_word' id='word_1_10' title='bbox 767 344 902 388; x_wconf 79' lang='lat' dir='ltr'>Juvat</span> <span class='ocrx_word' id='word_1_11' title='bbox 925 340 992 385; x_wconf 87' lang='lat' dir='ltr'>ire</span> <span class='ocrx_word' id='word_1_12' title='bbox 1017 350 1097 397; x_wconf 87' lang='lat' dir='ltr'>per</span> <span class='ocrx_word' id='word_1_13' title='bbox 1119 334 1278 383; x_wconf 78' lang='lat' dir='ltr'>omnes</span> 
     </span>
    </p>

    <p class='ocr_par' dir='ltr' id='par_1_3' title="bbox 96 420 1180 482">
     <span class='ocr_line' id='line_1_3' title="bbox 96 420 1180 482; baseline -0.004 -14"><span class='ocrx_word' id='word_1_14' title='bbox 96 426 322 470; x_wconf 81' lang='lat' dir='ltr'>Arboreos</span> <span class='ocrx_word' id='word_1_15' title='bbox 346 426 462 469; x_wconf 86' lang='lat' dir='ltr'>setus</span> <span class='ocrx_word' id='word_1_16' title='bbox 490 439 504 474; x_wconf 72' lang='grc' dir='ltr'>ς</span> <span class='ocrx_word' id='word_1_17' title='bbox 530 425 741 482; x_wconf 87' lang='lat' dir='ltr'>quoniam</span> <span class='ocrx_word' id='word_1_18' title='bbox 764 424 849 467; x_wconf 84' lang='lat' dir='ltr'>fert</span> <span class='ocrx_word' id='word_1_19' title='bbox 877 421 1029 467; x_wconf 87' lang='lat' dir='ltr'>omnia</span> <span class='ocrx_word' id='word_1_20' title='bbox 1052 420 1180 465; x_wconf 82' lang='lat' dir='ltr'>dives</span> 
     </span>
    </p>

    <p class='ocr_par' dir='ltr' id='par_1_4' title="bbox 96 502 1340 644">
     <span class='ocr_line' id='line_1_4' title="bbox 96 502 1191 562; baseline -0.004 -13"><span class='ocrx_word' id='word_1_21' title='bbox 96 507 210 560; x_wconf 82' lang='lat' dir='ltr'>Quae</span> <span class='ocrx_word' id='word_1_22' title='bbox 235 507 396 551; x_wconf 84' lang='lat' dir='ltr'>colitur</span> <span class='ocrx_word' id='word_1_23' title='bbox 422 504 551 550; x_wconf 88' lang='lat' dir='ltr'>nobis</span> <span class='ocrx_word' id='word_1_24' title='bbox 574 504 748 562; x_wconf 85' lang='lat' dir='ltr'>placido</span> <span class='ocrx_word' id='word_1_25' title='bbox 772 503 849 546; x_wconf 87' lang='lat' dir='ltr'>sub</span> <span class='ocrx_word' id='word_1_26' title='bbox 876 502 1011 547; x_wconf 82' lang='lat' dir='ltr'>fidere</span> <span class='ocrx_word' id='word_1_27' title='bbox 1039 503 1191 546; x_wconf 87' lang='lat' dir='ltr'>tellus.</span> 
     </span>
     <span class='ocr_line' id='line_1_5' title="bbox 158 567 1340 644; baseline -0.005 -14"><span class='ocrx_word' id='word_1_28' title='bbox 158 586 384 644; x_wconf 75' lang='lat' dir='ltr'>Principio</span> <span class='ocrx_word' id='word_1_29' title='bbox 400 584 594 630; x_wconf 83' lang='lat' dir='ltr'>nemoris</span> <span class='ocrx_word' id='word_1_30' title='bbox 609 599 707 642; x_wconf 82' lang='lat' dir='ltr'>quae</span> <span class='ocrx_word' id='word_1_31' title='bbox 722 584 866 628; x_wconf 86' lang='lat' dir='ltr'>forma</span> <span class='ocrx_word' id='word_1_32' title='bbox 879 616 891 636; x_wconf 87' lang='lat'>‚</span> <span class='ocrx_word' id='word_1_33' title='bbox 908 584 1152 640; x_wconf 89' lang='lat' dir='ltr'>modusque</span> <span class='ocrx_word' id='word_1_34' title='bbox 1169 567 1340 625; x_wconf 83' lang='lat' dir='ltr'>serendi</span> 
     </span>
    </p>

    <p class='ocr_par' dir='ltr' id='par_1_5' title="bbox 94 661 1238 723">
     <span class='ocr_line' id='line_1_6' title="bbox 94 661 1238 723; baseline -0.004 -13"><span class='ocrx_word' id='word_1_35' title='bbox 94 666 339 723; x_wconf 83' lang='lat' dir='ltr'>Expediam</span> <span class='ocrx_word' id='word_1_36' title='bbox 365 682 379 710; x_wconf 67' lang='grc' dir='ltr'><strong>ε</strong></span> <span class='ocrx_word' id='word_1_37' title='bbox 405 676 548 722; x_wconf 86' lang='lat' dir='ltr'>neque</span> <span class='ocrx_word' id='word_1_38' title='bbox 572 665 693 709; x_wconf 87' lang='lat' dir='ltr'>enim</span> <span class='ocrx_word' id='word_1_39' title='bbox 717 664 840 707; x_wconf 81' lang='lat' dir='ltr'>villis</span> <span class='ocrx_word' id='word_1_40' title='bbox 865 661 1084 707; x_wconf 57' lang='lat' dir='ltr'>accedes&amp;</span> <span class='ocrx_word' id='word_1_41' title='bbox 1095 662 1238 717; x_wconf 84' lang='lat' dir='ltr'>major</span> 
     </span>
    </p>

    <p class='ocr_par' dir='ltr' id='par_1_6' title="bbox 96 742 1348 883">
     <span class='ocr_line' id='line_1_7' title="bbox 96 742 1294 803; baseline -0.005 -13"><span class='ocrx_word' id='word_1_42' title='bbox 96 745 233 791; x_wconf 82' lang='lat' dir='ltr'>Poffit</span> <span class='ocrx_word' id='word_1_43' title='bbox 254 748 400 790; x_wconf 85' lang='lat' dir='ltr'>honos</span> <span class='ocrx_word' id='word_1_44' title='bbox 417 778 430 798; x_wconf 91' lang='lat'>‚</span> <span class='ocrx_word' id='word_1_45' title='bbox 455 745 586 790; x_wconf 65' lang='lat' dir='ltr'>densa</span> <span class='ocrx_word' id='word_1_46' title='bbox 614 743 746 803; x_wconf 74' lang='lat' dir='ltr'>quam</span> <span class='ocrx_word' id='word_1_47' title='bbox 771 742 947 788; x_wconf 86' lang='lat' dir='ltr'>nubilus</span> <span class='ocrx_word' id='word_1_48' title='bbox 973 744 1128 786; x_wconf 88' lang='lat' dir='ltr'>arbore</span> <span class='ocrx_word' id='word_1_49' title='bbox 1151 743 1294 784; x_wconf 86' lang='lat' dir='ltr'>lucus.</span> 
     </span>
     <span class='ocr_line' id='line_1_8' title="bbox 157 819 1348 883; baseline -0.006 -13"><span class='ocrx_word' id='word_1_50' title='bbox 157 827 379 871; x_wconf 82' lang='lat' dir='ltr'>Silvarum</span> <span class='ocrx_word' id='word_1_51' title='bbox 406 826 592 870; x_wconf 86' lang='lat' dir='ltr'>studiosa</span> <span class='ocrx_word' id='word_1_52' title='bbox 608 859 621 880; x_wconf 91' lang='lat'>‚</span> <span class='ocrx_word' id='word_1_53' title='bbox 649 827 752 870; x_wconf 87' lang='lat' dir='ltr'>suos</span> <span class='ocrx_word' id='word_1_54' title='bbox 777 837 916 883; x_wconf 88' lang='lat' dir='ltr'>quum</span> <span class='ocrx_word' id='word_1_55' title='bbox 946 821 1095 869; x_wconf 86' lang='lat' dir='ltr'>Gallia</span> <span class='ocrx_word' id='word_1_56' title='bbox 1122 819 1348 879; x_wconf 85' lang='lat' dir='ltr'>quondam</span> 
     </span>
    </p>

    <p class='ocr_par' dir='ltr' id='par_1_7' title="bbox 95 903 1092 964">
     <span class='ocr_line' id='line_1_9' title="bbox 95 903 1092 964; baseline -0.005 -13"><span class='ocrx_word' id='word_1_57' title='bbox 95 906 195 951; x_wconf 86' lang='lat' dir='ltr'>Vix</span> <span class='ocrx_word' id='word_1_58' title='bbox 217 907 354 951; x_wconf 86' lang='lat' dir='ltr'>aleret</span> <span class='ocrx_word' id='word_1_59' title='bbox 376 906 524 959; x_wconf 84' lang='lat' dir='ltr'>cives,</span> <span class='ocrx_word' id='word_1_60' title='bbox 554 906 698 964; x_wconf 61' lang='lat' dir='ltr'>patria</span> <span class='ocrx_word' id='word_1_61' title='bbox 722 905 912 964; x_wconf 84' lang='lat' dir='ltr'>migrare</span> <span class='ocrx_word' id='word_1_62' title='bbox 938 903 1092 948; x_wconf 56' lang='lat' dir='ltr'>relidi&amp;</span> 
     </span>
    </p>

    <p class='ocr_par' dir='ltr' id='par_1_8' title="bbox 94 985 1045 1046">
     <span class='ocr_line' id='line_1_10' title="bbox 94 985 1045 1046; baseline -0.002 -15"><span class='ocrx_word' id='word_1_63' title='bbox 94 989 242 1044; x_wconf 84' lang='lat' dir='ltr'>Atque</span> <span class='ocrx_word' id='word_1_64' title='bbox 267 987 529 1046; x_wconf 84' lang='lat' dir='ltr'>peregrinos</span> <span class='ocrx_word' id='word_1_65' title='bbox 555 985 646 1030; x_wconf 76' lang='lat' dir='ltr'>alio</span> <span class='ocrx_word' id='word_1_66' title='bbox 671 987 838 1030; x_wconf 81' lang='lat' dir='ltr'>deferre</span> <span class='ocrx_word' id='word_1_67' title='bbox 862 997 1045 1043; x_wconf 88' lang='lat' dir='ltr'>penates</span> 
     </span>
    </p>

    <p class='ocr_par' dir='ltr' id='par_1_9' title="bbox 100 1065 1223 1125">
     <span class='ocr_line' id='line_1_11' title="bbox 100 1065 1223 1125; baseline 0.002 -15"><span class='ocrx_word' id='word_1_68' title='bbox 100 1067 266 1111; x_wconf 86' lang='lat' dir='ltr'>Maluit</span> <span class='ocrx_word' id='word_1_69' title='bbox 282 1100 297 1121; x_wconf 82' lang='grc'><em>,</em></span> <span class='ocrx_word' id='word_1_70' title='bbox 324 1068 480 1112; x_wconf 86' lang='lat' dir='ltr'>excifis</span> <span class='ocrx_word' id='word_1_71' title='bbox 507 1067 680 1111; x_wconf 55' lang='lat' dir='ltr'>vidium</span> <span class='ocrx_word' id='word_1_72' title='bbox 707 1066 841 1125; x_wconf 69' lang='lat' dir='ltr'>quam</span> <span class='ocrx_word' id='word_1_73' title='bbox 866 1080 1061 1124; x_wconf 80' lang='lat' dir='ltr'>quaerere</span> <span class='ocrx_word' id='word_1_74' title='bbox 1083 1065 1223 1112; x_wconf 83' lang='lat' dir='ltr'>filvis.</span> 
     </span>
    </p>
   </div>
   <div class='ocr_carea' id='block_1_3' title="bbox 157 1147 1433 1204">
    <p class='ocr_par' dir='ltr' id='par_1_10' title="bbox 157 1147 1433 1204">
     <span class='ocr_line' id='line_1_12' title="bbox 157 1147 1433 1204; baseline -0.001 -12"><span class='ocrx_word' id='word_1_75' title='bbox 157 1151 266 1192; x_wconf 85' lang='lat' dir='ltr'>Haec</span> <span class='ocrx_word' id='word_1_76' title='bbox 280 1150 355 1192; x_wconf 89' lang='lat' dir='ltr'>ubi</span> <span class='ocrx_word' id='word_1_77' title='bbox 368 1148 457 1203; x_wconf 80' lang='lat' dir='ltr'>jam</span> <span class='ocrx_word' id='word_1_78' title='bbox 472 1163 706 1193; x_wconf 87' lang='lat' dir='ltr'>nemorum</span> <span class='ocrx_word' id='word_1_79' title='bbox 717 1148 964 1193; x_wconf 83' lang='lat' dir='ltr'>reverentia</span> <span class='ocrx_word' id='word_1_80' title='bbox 978 1160 1098 1192; x_wconf 86' lang='lat' dir='ltr'>tanta</span> <span class='ocrx_word' id='word_1_81' title='bbox 1110 1181 1123 1201; x_wconf 90' lang='lat'>‚</span> <span class='ocrx_word' id='word_1_82' title='bbox 1133 1147 1350 1204; x_wconf 80' lang='lat' dir='ltr'>bipennes</span> <span class='ocrx_word' id='word_1_83' title='bbox 1429 1166 1433 1177; x_wconf 83' lang='lat'>=</span> 
     </span>
    </p>
   </div>
   <div class='ocr_carea' id='block_1_4' title="bbox 95 1228 1319 2502">
    <p class='ocr_par' dir='ltr' id='par_1_11' title="bbox 96 1228 1287 1530">
     <span class='ocr_line' id='line_1_13' title="bbox 98 1228 1287 1288; baseline 0 -16"><span class='ocrx_word' id='word_1_84' title='bbox 98 1231 164 1273; x_wconf 89' lang='lat' dir='ltr'>Ut</span> <span class='ocrx_word' id='word_1_85' title='bbox 188 1242 335 1274; x_wconf 82' lang='lat' dir='ltr'>teneat</span> <span class='ocrx_word' id='word_1_86' title='bbox 361 1232 379 1274; x_wconf 80' lang='grc'>.&gt;</span> <span class='ocrx_word' id='word_1_87' title='bbox 406 1230 577 1274; x_wconf 87' lang='lat' dir='ltr'>nostros</span> <span class='ocrx_word' id='word_1_88' title='bbox 601 1231 677 1274; x_wconf 89' lang='lat' dir='ltr'>ubi</span> <span class='ocrx_word' id='word_1_89' title='bbox 705 1231 910 1288; x_wconf 86' lang='lat' dir='ltr'>grandior</span> <span class='ocrx_word' id='word_1_90' title='bbox 937 1232 1026 1274; x_wconf 89' lang='lat' dir='ltr'>ulla</span> <span class='ocrx_word' id='word_1_91' title='bbox 1052 1243 1132 1286; x_wconf 89' lang='lat' dir='ltr'>per</span> <span class='ocrx_word' id='word_1_92' title='bbox 1158 1228 1287 1288; x_wconf 86' lang='lat' dir='ltr'>agros</span> 
     </span>
     <span class='ocr_line' id='line_1_14' title="bbox 99 1308 1236 1365; baseline -0.003 -10"><span class='ocrx_word' id='word_1_93' title='bbox 99 1311 301 1365; x_wconf 82' lang='lat' dir='ltr'><strong>Quercus</strong></span> <span class='ocrx_word' id='word_1_94' title='bbox 331 1312 385 1354; x_wconf 86' lang='lat' dir='ltr'>ad</span> <span class='ocrx_word' id='word_1_95' title='bbox 413 1311 624 1354; x_wconf 82' lang='lat' dir='ltr'>annosam</span> <span class='ocrx_word' id='word_1_96' title='bbox 641 1342 654 1364; x_wconf 83' lang='lat'>,</span> <span class='ocrx_word' id='word_1_97' title='bbox 679 1310 785 1354; x_wconf 87' lang='lat' dir='ltr'>ferri</span> <span class='ocrx_word' id='word_1_98' title='bbox 811 1309 958 1354; x_wconf 88' lang='lat' dir='ltr'>secura</span> <span class='ocrx_word' id='word_1_99' title='bbox 977 1343 990 1363; x_wconf 89' lang='lat'>‚</span> <span class='ocrx_word' id='word_1_100' title='bbox 1017 1308 1236 1353; x_wconf 62' lang='lat' dir='ltr'>seneehm</span> 
     </span>
     <span class='ocr_line' id='line_1_15' title="bbox 96 1389 1258 1446; baseline -0.002 -12"><span class='ocrx_word' id='word_1_101' title='bbox 96 1392 241 1434; x_wconf 89' lang='lat' dir='ltr'>Durat</span> <span class='ocrx_word' id='word_1_102' title='bbox 268 1394 287 1435; x_wconf 76' lang='grc' dir='ltr'><strong><em>ἓ</em></strong></span> <span class='ocrx_word' id='word_1_103' title='bbox 317 1390 539 1434; x_wconf 85' lang='lat' dir='ltr'>inacceffis</span> <span class='ocrx_word' id='word_1_104' title='bbox 564 1390 647 1433; x_wconf 86' lang='lat' dir='ltr'>nifi</span> <span class='ocrx_word' id='word_1_105' title='bbox 676 1390 843 1434; x_wconf 86' lang='lat' dir='ltr'>confita</span> <span class='ocrx_word' id='word_1_106' title='bbox 872 1389 1099 1433; x_wconf 89' lang='lat' dir='ltr'>montibus</span> <span class='ocrx_word' id='word_1_107' title='bbox 1116 1422 1128 1443; x_wconf 95' lang='lat'>,</span> <span class='ocrx_word' id='word_1_108' title='bbox 1158 1389 1258 1446; x_wconf 86' lang='lat' dir='ltr'>ipso</span> 
     </span>
     <span class='ocr_line' id='line_1_16' title="bbox 98 1471 1136 1530; baseline -0.001 -16"><span class='ocrx_word' id='word_1_109' title='bbox 98 1472 156 1515; x_wconf 87' lang='lat' dir='ltr'>Se</span> <span class='ocrx_word' id='word_1_110' title='bbox 182 1471 355 1515; x_wconf 85' lang='lat' dir='ltr'>defensa</span> <span class='ocrx_word' id='word_1_111' title='bbox 381 1473 485 1515; x_wconf 91' lang='lat' dir='ltr'>loco</span> <span class='ocrx_word' id='word_1_112' title='bbox 513 1483 686 1515; x_wconf 89' lang='lat' dir='ltr'>tueatur</span> <span class='ocrx_word' id='word_1_113' title='bbox 705 1487 719 1521; x_wconf 93' lang='grc'>·,</span> <span class='ocrx_word' id='word_1_114' title='bbox 740 1471 773 1514; x_wconf 90' lang='lat' dir='ltr'><strong>fi</strong></span> <span class='ocrx_word' id='word_1_115' title='bbox 799 1486 884 1530; x_wconf 90' lang='lat' dir='ltr'>qua</span> <span class='ocrx_word' id='word_1_116' title='bbox 907 1471 1136 1528; x_wconf 85' lang='lat' dir='ltr'>supersunt</span> 
     </span>
    </p>

    <p class='ocr_par' dir='ltr' id='par_1_12' title="bbox 97 1550 1318 1689">
     <span class='ocr_line' id='line_1_17' title="bbox 97 1550 1318 1609; baseline -0.002 -13"><span class='ocrx_word' id='word_1_117' title='bbox 97 1554 138 1596; x_wconf 75' lang='lat' dir='ltr'>A</span> <span class='ocrx_word' id='word_1_118' title='bbox 162 1553 355 1609; x_wconf 85' lang='lat' dir='ltr'>patribus</span> <span class='ocrx_word' id='word_1_119' title='bbox 383 1566 568 1596; x_wconf 87' lang='lat' dir='ltr'>nemora</span> <span class='ocrx_word' id='word_1_120' title='bbox 592 1553 646 1595; x_wconf 86' lang='lat' dir='ltr'>ad</span> <span class='ocrx_word' id='word_1_121' title='bbox 668 1552 789 1596; x_wconf 88' lang='lat' dir='ltr'>seros</span> <span class='ocrx_word' id='word_1_122' title='bbox 817 1550 1060 1595; x_wconf 84' lang='lat' dir='ltr'>transmiffa</span> <span class='ocrx_word' id='word_1_123' title='bbox 1086 1551 1318 1607; x_wconf 59' lang='lat' dir='ltr'>Nepotes3</span> 
     </span>
     <span class='ocr_line' id='line_1_18' title="bbox 98 1620 1084 1689; baseline -0.001 -13"><span class='ocrx_word' id='word_1_124' title='bbox 98 1632 181 1676; x_wconf 84' lang='lat' dir='ltr'>Illa</span> <span class='ocrx_word' id='word_1_125' title='bbox 207 1647 290 1676; x_wconf 90' lang='lat' dir='ltr'>nec</span> <span class='ocrx_word' id='word_1_126' title='bbox 315 1620 469 1676; x_wconf 61' lang='lat' dir='ltr'>{estivo</span> <span class='ocrx_word' id='word_1_127' title='bbox 495 1633 702 1676; x_wconf 88' lang='lat' dir='ltr'>frondent</span> <span class='ocrx_word' id='word_1_128' title='bbox 726 1631 946 1689; x_wconf 87' lang='lat' dir='ltr'>impervia</span> <span class='ocrx_word' id='word_1_129' title='bbox 970 1632 1054 1675; x_wconf 91' lang='lat' dir='ltr'>soli</span> <span class='ocrx_word' id='word_1_130' title='bbox 1070 1665 1084 1685; x_wconf 88' lang='lat'>‚</span> 
     </span>
    </p>

    <p class='ocr_par' dir='ltr' id='par_1_13' title="bbox 98 1712 1319 1853">
     <span class='ocr_line' id='line_1_19' title="bbox 98 1712 1319 1772; baseline -0.001 -15"><span class='ocrx_word' id='word_1_131' title='bbox 98 1712 267 1757; x_wconf 79' lang='lat' dir='ltr'>Nobile</span> <span class='ocrx_word' id='word_1_132' title='bbox 293 1727 376 1756; x_wconf 91' lang='lat' dir='ltr'>nec</span> <span class='ocrx_word' id='word_1_133' title='bbox 403 1715 522 1756; x_wconf 88' lang='lat' dir='ltr'>coelo</span> <span class='ocrx_word' id='word_1_134' title='bbox 549 1725 680 1770; x_wconf 87' lang='lat' dir='ltr'>caput</span> <span class='ocrx_word' id='word_1_135' title='bbox 706 1714 868 1756; x_wconf 88' lang='lat' dir='ltr'>abdunt</span> <span class='ocrx_word' id='word_1_136' title='bbox 887 1746 900 1768; x_wconf 90' lang='lat'>‚</span> <span class='ocrx_word' id='word_1_137' title='bbox 925 1712 1069 1771; x_wconf 84' lang='lat' dir='ltr'>qualia</span> <span class='ocrx_word' id='word_1_138' title='bbox 1094 1713 1319 1772; x_wconf 88' lang='lat' dir='ltr'>quondam</span> 
     </span>
     <span class='ocr_line' id='line_1_20' title="bbox 99 1794 1168 1853; baseline 0 -15"><span class='ocrx_word' id='word_1_139' title='bbox 99 1795 277 1853; x_wconf 82' lang='lat' dir='ltr'>Vulgus</span> <span class='ocrx_word' id='word_1_140' title='bbox 302 1795 510 1838; x_wconf 87' lang='lat' dir='ltr'>adorabat</span> <span class='ocrx_word' id='word_1_141' title='bbox 533 1794 699 1838; x_wconf 88' lang='lat' dir='ltr'>truncis</span> <span class='ocrx_word' id='word_1_142' title='bbox 723 1809 906 1852; x_wconf 86' lang='lat' dir='ltr'>procera</span> <span class='ocrx_word' id='word_1_143' title='bbox 928 1794 1134 1838; x_wconf 85' lang='lat' dir='ltr'>verendis</span> <span class='ocrx_word' id='word_1_144' title='bbox 1154 1811 1168 1838; x_wconf 70' lang='grc' dir='ltr'><strong>ε</strong></span> 
     </span>
    </p>

    <p class='ocr_par' dir='ltr' id='par_1_14' title="bbox 95 1875 1195 1935">
     <span class='ocr_line' id='line_1_21' title="bbox 95 1875 1195 1935; baseline 0.001 -16"><span class='ocrx_word' id='word_1_145' title='bbox 95 1877 184 1919; x_wconf 86' lang='lat' dir='ltr'>Sed</span> <span class='ocrx_word' id='word_1_146' title='bbox 209 1875 352 1919; x_wconf 81' lang='lat' dir='ltr'>veteri</span> <span class='ocrx_word' id='word_1_147' title='bbox 378 1878 430 1920; x_wconf 87' lang='lat' dir='ltr'>de</span> <span class='ocrx_word' id='word_1_148' title='bbox 454 1876 585 1933; x_wconf 85' lang='lat' dir='ltr'>stirpe</span> <span class='ocrx_word' id='word_1_149' title='bbox 602 1906 618 1925; x_wconf 90' lang='lat'>,</span> <span class='ocrx_word' id='word_1_150' title='bbox 643 1891 769 1920; x_wconf 85' lang='lat' dir='ltr'>novo</span> <span class='ocrx_word' id='word_1_151' title='bbox 794 1875 1014 1935; x_wconf 86' lang='lat' dir='ltr'>surgentia</span> <span class='ocrx_word' id='word_1_152' title='bbox 1038 1890 1162 1920; x_wconf 85' lang='lat' dir='ltr'>ramo</span> <span class='ocrx_word' id='word_1_153' title='bbox 1178 1907 1195 1924; x_wconf 87' lang='lat'><em>,</em></span> 
     </span>
    </p>

    <p class='ocr_par' dir='ltr' id='par_1_15' title="bbox 95 1957 1316 2502">
     <span class='ocr_line' id='line_1_22' title="bbox 95 1957 1254 2017; baseline -0.001 -17"><span class='ocrx_word' id='word_1_154' title='bbox 95 1958 153 2000; x_wconf 85' lang='lat' dir='ltr'>Et</span> <span class='ocrx_word' id='word_1_155' title='bbox 179 1970 368 2014; x_wconf 86' lang='lat' dir='ltr'>quatuor</span> <span class='ocrx_word' id='word_1_156' title='bbox 392 1957 491 2014; x_wconf 81' lang='lat' dir='ltr'>post</span> <span class='ocrx_word' id='word_1_157' title='bbox 515 1957 647 2001; x_wconf 83' lang='lat' dir='ltr'>lustra</span> <span class='ocrx_word' id='word_1_158' title='bbox 674 1958 826 2017; x_wconf 84' lang='lat' dir='ltr'>nigros</span> <span class='ocrx_word' id='word_1_159' title='bbox 850 1958 999 2002; x_wconf 83' lang='lat' dir='ltr'>visura</span> <span class='ocrx_word' id='word_1_160' title='bbox 1023 1957 1221 2000; x_wconf 86' lang='lat' dir='ltr'>caminos</span> <span class='ocrx_word' id='word_1_161' title='bbox 1240 1988 1254 2008; x_wconf 90' lang='lat'><strong>‚</strong></span> 
     </span>
     <span class='ocr_line' id='line_1_23' title="bbox 95 2037 1316 2097; baseline 0 -17"><span class='ocrx_word' id='word_1_162' title='bbox 95 2037 197 2081; x_wconf 86' lang='lat' dir='ltr'>Vix</span> <span class='ocrx_word' id='word_1_163' title='bbox 220 2037 365 2095; x_wconf 84' lang='lat' dir='ltr'>lepori</span> <span class='ocrx_word' id='word_1_164' title='bbox 391 2037 635 2095; x_wconf 86' lang='lat' dir='ltr'>hospitium</span> <span class='ocrx_word' id='word_1_165' title='bbox 660 2040 855 2096; x_wconf 84' lang='lat' dir='ltr'>praebent</span> <span class='ocrx_word' id='word_1_166' title='bbox 871 2071 884 2091; x_wconf 88' lang='lat'>‚</span> <span class='ocrx_word' id='word_1_167' title='bbox 911 2037 1172 2097; x_wconf 69' lang='lat' dir='ltr'>silvestribus</span> <span class='ocrx_word' id='word_1_168' title='bbox 1203 2038 1316 2081; x_wconf 85' lang='lat' dir='ltr'>olim</span> 
     </span>
     <span class='ocr_line' id='line_1_24' title="bbox 98 2116 1284 2176; baseline 0.003 -16"><span class='ocrx_word' id='word_1_169' title='bbox 98 2116 213 2172; x_wconf 81' lang='lat' dir='ltr'>Quae</span> <span class='ocrx_word' id='word_1_170' title='bbox 243 2117 424 2162; x_wconf 88' lang='lat' dir='ltr'>timidos</span> <span class='ocrx_word' id='word_1_171' title='bbox 448 2118 625 2162; x_wconf 89' lang='lat' dir='ltr'>latebris</span> <span class='ocrx_word' id='word_1_172' title='bbox 653 2120 799 2163; x_wconf 84' lang='lat' dir='ltr'>damas</span> <span class='ocrx_word' id='word_1_173' title='bbox 824 2119 1035 2176; x_wconf 85' lang='lat' dir='ltr'>ursosque</span> <span class='ocrx_word' id='word_1_174' title='bbox 1059 2120 1284 2176; x_wconf 90' lang='lat' dir='ltr'>tegebant.</span> 
     </span>
     <span class='ocr_line' id='line_1_25' title="bbox 99 2198 1240 2258; baseline 0.003 -18"><span class='ocrx_word' id='word_1_175' title='bbox 99 2198 261 2255; x_wconf 86' lang='lat' dir='ltr'>Ecquis</span> <span class='ocrx_word' id='word_1_176' title='bbox 287 2199 434 2243; x_wconf 83' lang='lat' dir='ltr'>honos</span> <span class='ocrx_word' id='word_1_177' title='bbox 456 2200 570 2244; x_wconf 85' lang='lat' dir='ltr'>ruris</span> <span class='ocrx_word' id='word_1_178' title='bbox 589 2233 602 2254; x_wconf 88' lang='lat'>,</span> <span class='ocrx_word' id='word_1_179' title='bbox 626 2215 860 2245; x_wconf 84' lang='lat' dir='ltr'>nemorum</span> <span class='ocrx_word' id='word_1_180' title='bbox 887 2201 919 2243; x_wconf 86' lang='lat' dir='ltr'><strong>fi</strong></span> <span class='ocrx_word' id='word_1_181' title='bbox 945 2198 1082 2258; x_wconf 86' lang='lat' dir='ltr'>gratia</span> <span class='ocrx_word' id='word_1_182' title='bbox 1107 2200 1240 2251; x_wconf 82' lang='lat' dir='ltr'>defit3</span> 
     </span>
     <span class='ocr_line' id='line_1_26' title="bbox 96 2278 1281 2339; baseline 0.003 -17"><span class='ocrx_word' id='word_1_183' title='bbox 96 2278 387 2336; x_wconf 77' lang='lat' dir='ltr'>Obsefi‘usque</span> <span class='ocrx_word' id='word_1_184' title='bbox 417 2281 539 2324; x_wconf 89' lang='lat' dir='ltr'>domi</span> <span class='ocrx_word' id='word_1_185' title='bbox 564 2296 740 2327; x_wconf 85' lang='lat' dir='ltr'>maneas</span> <span class='ocrx_word' id='word_1_186' title='bbox 759 2314 771 2335; x_wconf 89' lang='lat'><strong>‚</strong></span> <span class='ocrx_word' id='word_1_187' title='bbox 799 2296 934 2339; x_wconf 88' lang='lat' dir='ltr'>quum</span> <span class='ocrx_word' id='word_1_188' title='bbox 960 2281 1109 2325; x_wconf 86' lang='lat' dir='ltr'>Sirius&#39;</span> <span class='ocrx_word' id='word_1_189' title='bbox 1125 2283 1281 2326; x_wconf 83' lang='lat' dir='ltr'>ardens</span> 
     </span>
     <span class='ocr_line' id='line_1_27' title="bbox 96 2359 1225 2420; baseline 0.003 -17"><span class='ocrx_word' id='word_1_190' title='bbox 96 2361 408 2405; x_wconf 86' lang='lat' dir='ltr'>Debacchatur</span> <span class='ocrx_word' id='word_1_191' title='bbox 434 2361 547 2420; x_wconf 85' lang='lat' dir='ltr'>agris</span> <span class='ocrx_word' id='word_1_192' title='bbox 566 2378 581 2413; x_wconf 89' lang='lat'>;</span> <span class='ocrx_word' id='word_1_193' title='bbox 602 2362 824 2419; x_wconf 79' lang='lat' dir='ltr'>viridique</span> <span class='ocrx_word' id='word_1_194' title='bbox 840 2362 917 2405; x_wconf 87' lang='lat' dir='ltr'>sub</span> <span class='ocrx_word' id='word_1_195' title='bbox 935 2361 1049 2405; x_wconf 88' lang='lat' dir='ltr'>ilicis</span> <span class='ocrx_word' id='word_1_196' title='bbox 1068 2359 1225 2406; x_wconf 70' lang='lat' dir='ltr'>{imbra</span> 
     </span>
     <span class='ocr_line' id='line_1_28' title="bbox 102 2440 1047 2502; baseline 0.002 -16"><span class='ocrx_word' id='word_1_197' title='bbox 102 2440 279 2501; x_wconf 72' lang='lat' dir='ltr'>irriguo</span> <span class='ocrx_word' id='word_1_198' title='bbox 306 2442 439 2500; x_wconf 86' lang='lat' dir='ltr'>poffis</span> <span class='ocrx_word' id='word_1_199' title='bbox 465 2456 547 2489; x_wconf 85' lang='lat' dir='ltr'>nec</span> <span class='ocrx_word' id='word_1_200' title='bbox 575 2444 742 2489; x_wconf 81' lang='lat' dir='ltr'>tradere</span> <span class='ocrx_word' id='word_1_201' title='bbox 767 2442 869 2490; x_wconf 80' lang='lat' dir='ltr'>fess&#39;a</span> <span class='ocrx_word' id='word_1_202' title='bbox 894 2442 1047 2502; x_wconf 83' lang='lat' dir='ltr'>sopori</span> 
     </span>
    </p>
   </div>
  </div>
 </body>
</html>
