1500 2834
43 215 189 283 9134
272 209 620 265 PRAEDII
663 206 1055 263 Rvsrrct

68 311 196 352 Nunc
226 308 273 351 in
301 309 522 351 aristarum
548 308 682 352 fasces
707 308 871 351 hirsuta
888 341 901 360 ‚
927 318 1132 350 recurvas
1176 343 1180 346 ,

71 391 214 433 Tensa
244 392 319 433 vel
347 390 395 432 in
419 403 598 446 mappas
627 405 638 432 :
666 391 818 432 eadem
844 387 981 431 micat
1006 387 1138 428 ardua
1157 384 1306 436 coelo,‘

76 470 382 528 Carbaseoque
410 470 504 513 finu
532 482 673 514 tumet
692 503 706 524 ‚
734 482 807 512 aut
833 467 1043 512 radiantia
1070 464 1177 529 solis

74 552 264 595 Lumina
280 584 293 605 ,
325 550 545 594 coelestem
570 553 646 595 vel
670 550 793 594 mille
822 550 1047 593 coloribus
1074 559 1222 590 arcum

75 633 265 676 Exhibet
284 665 296 686 ,
318 646 393 677 aut
411 633 568 690 pluvio
586 633 845 692 dispergitur
866 632 1005 675 imbre
1025 644 1039 672 .·
1060 626 1266 673 draconis

76 715 206 757 Nunc
233 726 438 758 contorta
461 716 597 759 modo
617 748 628 768 ‚
659 715 739 758 teli
766 728 884 757 nunc
913 711 1082 755 miffilis
1105 709 1236 753 instar

76 794 297 848 Ejaculata
313 828 325 849 ‚
351 798 474 840 leves
500 795 726 854 aspergine
756 796 959 838 verberat
987 808 1130 837 auras.

133 878 283 920 'Arbor
309 877 546 933 adoptivos
573 877 720 933 primo
751 875 1002 935 generofior
1031 887 1133 918 aevo

9 968 11 971 '
79 957 278 1014 Accipiat
303 972 450 1001 ramos
476 973 488 1001 ι
514 969 563 1000 ut
589 957 712 1000 enim
740 954 927 1000 sanabile
953 957 1116 999 vulnus

80 1039 280 1083 Perfacili
310 1040 402 1083 coit
426 1039 474 1081 in
501 1037 711 1081 membris
725 1037 986 1095 puerilibus
1006 1047 1132 1084 arte3

83 1121 154 1164 Sic
182 1121 296 1164 levis
327 1120 376 1163 in
402 1131 557 1164 tenero
589 1118 640 1163 fit
668 1119 833 1163 cortice
863 1121 989 1176 plaga
1006 1150 1019 1170 ‚
1045 1117 1224 1172 diesque

83 1201 184 1246 Post
207 1201 376 1259 aliquot
402 1213 561 1244 trunco
586 1200 791 1244 coalescit
817 1199 866 1243 in
888 1199 1062 1256 hospite
1091 1211 1252 1241 ramus.

144 1284 251 1326 Non
270 1283 562 1339 quascumque
576 1282 705 1324 voles
721 1282 889 1337 plantas
908 1293 1056 1324 tamen
1069 1278 1237 1335 excipit
1255 1271 1403 1319 omnis

86 1366 228 1408 Arbor
256 1365 309 1407 ad
333 1362 558 1407 arbitrium
581 1377 596 1411 3
622 1372 798 1405 veteres
824 1375 906 1405 nec
934 1346 1119 1414 vincere
1141 1373 1287 1403 rerum

87 1450 168 1491 Fas
200 1445 454 1489 inimicitias
472 1474 486 1495 ‚
514 1445 557 1487 &
585 1443 824 1487 conciliare
851 1442 1047 1500 pyrosve

90 1530 347 1584 Quercubus
361 1560 373 1580 ‚
393 1538 466 1571 aut
481 1525 598 1570 vites
616 1524 744 1577 oleis,
762 1524 1065 1580 Bacchumque
1083 1521 1319 1566 Minervae.

151 1610 298 1653 Natali
327 1611 415 1653 sata
442 1608 570 1651 trima
597 1610 702 1651 loco
725 1606 914 1650 mutabis
933 1638 947 1659 ,
976 1605 1160 1649 amicam

91 1690 333 1735 Arboribus
353 1702 513 1733 terram
533 1690 693 1732 &loca
720 1687 1025 1731 commodiora
1047 1684 1290 1742 requirens.

94 1773 141 1815 Si
169 1788 264 1829 quae
292 1771 471 1815 mutatis
493 1772 568 1814 vel
597 1785 690 1814 non
719 1767 1043 1826 comprenderit
1066 1766 1184 1810 arvis
1204 1800 1218 1816 .

97 1856 186 1897 Aut
211 1866 338 1898 enata
367 1867 519 1910 parum
547 1851 679 1895 fauste
706 1849 954 1894 successerit
980 1849 1138 1897 arbor3

95 1936 208 1979 Insta
236 1935 332 1979 aliis
354 1950 368 1985 ;
399 1935 442 1977 δε
468 1947 611 1991 quaere
638 1932 777 1990 magis
803 1932 874 1975 cui
902 1931 1135 1975 commoda
1162 1930 1295 1972 tellus

101 2020 156 2061 Et
175 2020 339 2061 coelum
361 2016 538 2060 faveant
556 2049 568 2068 ‚
592 2013 724 2072 quam
744 2028 840 2071 quae
858 2014 935 2056 vel
953 2010 1092 2055 divite
1110 2009 1254 2054 fruCtu

100 2099 309 2144 Nobilior
338 2099 454 2143 foret
473 2131 485 2150 ‚
517 2108 590 2140 aut
614 2094 747 2139 viridi
772 2093 1011 2150 speciofior
1039 2083 1209 2135 umbrass

103 2181 272 2226 Siccior
293 2182 336 2224 &
354 2179 514 2236 tepidis
531 2179 690 2222 humus
709 2175 873 2220 Austris
895 2189 1035 2232 prona
1054 2175 1253 2230 saporem

104 2263 396 2306 Commendat
413 2294 426 2314 ‚
444 2261 611 2304 molem
635 2256 903 2317 praepinguis
924 2257 967 2299 &
986 2255 1160 2298 humida
1181 2255 1329 2298 tellus.

105 2345 212 2388 Inde
245 2355 367 2399 petes
397 2341 586 2385 fructum
618 2341 792 2398 qualem
823 2337 1031 2380 structura
1058 2335 1244 2394 requirit

103 2423 387 2483 Pyramidum
404 2454 418 2476 ,
434 2435 530 2479 quae
547 2435 641 2465 non
656 2420 924 2477 stomachum
940 2419 1013 2463 sed
1025 2417 1194 2462 lumina
1210 2415 1390 2473 pascunt
1405 2431 1418 2463 ·‚
